trade_id,price,qty,timestamp,is_buyer_maker
290500000,0.379,22.8,1660148179805,0
290500001,0.3789,2679.0,1660148179973,1
290500002,0.379,2555.3,1660148180079,0
290500003,0.379,15.4,1660148180211,0
290500004,0.3789,10150.0,1660148180379,1
290500005,0.3789,79.7,1660148180654,1
290500006,0.379,82436.7,1660148181741,0
290500007,0.3791,39828.7,1660148181742,0
290500008,0.3792,346237.8,1660148181742,0
290500009,0.3793,31496.8,1660148181742,0
290500010,0.3791,5854.6,1660148181779,1
290500011,0.3792,29242.5,1660148181845,0
290500012,0.3792,100.0,1660148181942,1
290500013,0.3793,2873.3,1660148181985,0
290500014,0.3792,33843.9,1660148182054,1
290500015,0.3791,35574.5,1660148182142,1
290500016,0.379,68887.0,1660148182306,1
290500017,0.379,6096.2,1660148182484,1
290500018,0.379,447.1,1660148182590,1
290500019,0.379,5102.9,1660148182976,0
290500020,0.3789,8778.0,1660148183051,1
290500021,0.379,61982.6,1660148183146,0
290500022,0.3791,110.0,1660148183191,0
290500023,0.379,1023.0,1660148183451,1
290500024,0.3791,132.0,1660148183558,0
290500025,0.379,1023.0,1660148183718,1
290500026,0.379,102.0,1660148183959,1
290500027,0.3791,344.7,1660148184012,0
290500028,0.379,1519.2,1660148184056,1
290500029,0.3791,11848.3,1660148184211,0
290500030,0.379,79.7,1660148184390,1
290500031,0.379,38.5,1660148184684,1
290500032,0.3791,79.1,1660148185188,0
290500033,0.379,6982.3,1660148185546,1
290500034,0.3791,263.8,1660148186016,0
290500035,0.3791,21.2,1660148186476,0
290500036,0.379,2307.3,1660148186568,1
290500037,0.3789,157.3,1660148186568,1
290500038,0.379,2628.7,1660148186687,1
290500039,0.3789,57218.0,1660148186708,1
290500040,0.379,113.5,1660148187118,0
290500041,0.379,100180.4,1660148187286,0
290500042,0.3791,50239.9,1660148187302,0
290500043,0.3792,3082.8,1660148187568,0
290500044,0.3791,2129.9,1660148187870,1
290500045,0.3792,79.1,1660148187905,0
290500046,0.3791,22567.0,1660148188015,1
290500047,0.3791,39852.0,1660148188124,1
290500048,0.3792,15.3,1660148188231,0
290500049,0.3791,53.9,1660148188363,1
290500050,0.379,4123.0,1660148188530,1
290500051,0.3791,21.9,1660148188568,0
290500052,0.3791,2696.2,1660148189073,0
290500053,0.379,20.0,1660148189668,1
290500054,0.3791,739.5,1660148189921,0
290500055,0.379,20.0,1660148189963,1
290500056,0.3791,16053.7,1660148190065,0
290500057,0.379,185.9,1660148190256,1
290500058,0.3791,139.8,1660148190534,0
290500059,0.3791,8978.3,1660148191445,0
290500060,0.3791,23388.2,1660148191563,0
290500061,0.3792,7560.4,1660148191563,0
290500062,0.3791,39.7,1660148191656,1
290500063,0.3791,882.2,1660148191759,1
290500064,0.3791,4184.0,1660148191887,1
290500065,0.379,132.0,1660148192202,1
290500066,0.3791,15.4,1660148192245,0
290500067,0.379,24301.3,1660148192266,1
290500068,0.379,2228.9,1660148192364,0
290500069,0.379,17804.7,1660148193061,0
290500070,0.379,83156.0,1660148193709,1
290500071,0.379,597.8,1660148193999,0
290500072,0.3789,16229.3,1660148194642,1
290500073,0.3788,41.7,1660148195727,1
290500074,0.3788,38.9,1660148195875,1
290500075,0.3789,15.3,1660148196207,0
290500076,0.3788,1003.6,1660148196450,1
290500077,0.3789,145.1,1660148196505,0
290500078,0.3789,5549.4,1660148196893,0
290500079,0.3789,26.5,1660148197957,0
290500080,0.3789,418.3,1660148198856,0
290500081,0.3788,30612.3,1660148199374,1
290500082,0.3788,31724.7,1660148199952,0
290500083,0.3788,92823.9,1660148200081,1
290500084,0.3788,611.6,1660148200198,1
290500085,0.3789,15.4,1660148200221,0
290500086,0.3789,131.5,1660148202538,0
290500087,0.3789,14631.8,1660148203428,0
290500088,0.379,50672.5,1660148203428,0
290500089,0.3791,50389.8,1660148203428,0
290500090,0.379,15.3,1660148204223,0
290500091,0.3789,26.4,1660148204759,1
290500092,0.3789,263.7,1660148206258,1
290500093,0.3789,3761.6,1660148208066,1
290500094,0.3789,30.4,1660148208234,0
290500095,0.3789,1319.6,1660148208873,0
290500096,0.3788,50.0,1660148209060,1
290500097,0.3789,18.0,1660148210879,0
290500098,0.3788,38.0,1660148211205,1
290500099,0.3789,535.3,1660148211865,0
290500100,0.3789,15.3,1660148212206,0
290500101,0.3789,31.7,1660148213398,0
290500102,0.3789,5177.5,1660148214891,0
290500103,0.3789,37313.0,1660148215019,0
290500104,0.3789,2603.1,1660148215514,1
290500105,0.379,15.4,1660148216238,0
290500106,0.3789,1000.0,1660148216566,1
290500107,0.3789,6119.4,1660148217556,1
290500108,0.3789,852.8,1660148219033,1
290500109,0.379,15.4,1660148220274,0
290500110,0.3789,26.4,1660148220759,1
290500111,0.379,55.0,1660148220950,0
290500112,0.379,600.0,1660148221982,0
290500113,0.379,1224.4,1660148223247,0
290500114,0.379,15.3,1660148224240,0
290500115,0.3789,24200.0,1660148225285,1
290500116,0.3789,1750.3,1660148227647,1
290500117,0.379,15.4,1660148228203,0
290500118,0.3789,118.4,1660148229389,1
290500119,0.3789,13836.3,1660148231605,1
290500120,0.3789,10438.4,1660148232170,1
290500121,0.379,15.3,1660148232227,0
290500122,0.3789,21000.0,1660148232780,1
290500123,0.3789,1058.8,1660148233433,1
290500124,0.379,192.7,1660148233663,0
290500125,0.379,1000.0,1660148235039,0
290500126,0.3789,2552.0,1660148235135,1
290500127,0.3789,5100.0,1660148235272,1
290500128,0.379,336.0,1660148236227,0
290500129,0.3789,26.4,1660148236746,1
290500130,0.379,21000.0,1660148238046,0
290500131,0.3789,5926.9,1660148239280,1
290500132,0.3789,38.9,1660148239386,1
290500133,0.3788,7501.2,1660148239455,1
290500134,0.3789,15.3,1660148240213,0
290500135,0.3788,15.0,1660148240461,1
290500136,0.3788,389.0,1660148241385,1
290500137,0.3788,791.9,1660148244130,1
290500138,0.3789,15.4,1660148244205,0
290500139,0.3788,25471.2,1660148244265,1
290500140,0.3789,98129.9,1660148244572,0
290500141,0.379,206737.9,1660148244572,0
290500142,0.3791,195132.2,1660148244573,0
290500143,0.379,69410.0,1660148244592,1
290500144,0.379,927.3,1660148246598,0
290500145,0.379,15.4,1660148248205,0
290500146,0.379,438.9,1660148248927,0
290500147,0.3789,100.0,1660148250602,1
290500148,0.379,4556.6,1660148251020,0
290500149,0.379,348.0,1660148252101,0
290500150,0.379,15.3,1660148252235,0
290500151,0.379,21000.0,1660148252386,0
290500152,0.379,4763.0,1660148254424,0
290500153,0.3791,24151.6,1660148254424,0
290500154,0.379,7965.3,1660148254586,1
290500155,0.3791,15.4,1660148256206,0
290500156,0.3791,26.3,1660148256500,0
290500157,0.379,1852.0,1660148257434,1
290500158,0.379,74323.9,1660148257693,1
290500159,0.3789,39388.9,1660148258010,1
290500160,0.3788,13409.8,1660148258803,1
290500161,0.3789,324.2,1660148260207,0
290500162,0.3788,30863.8,1660148262371,1
290500163,0.3788,104095.7,1660148262511,1
290500164,0.3787,361.9,1660148262811,1
290500165,0.3788,15.4,1660148264229,0
290500166,0.3787,57.2,1660148265616,1
290500167,0.3788,33944.5,1660148266480,0
290500168,0.3788,43535.2,1660148267932,1
290500169,0.3789,15.3,1660148268206,0
290500170,0.3788,26.4,1660148268412,1
290500171,0.3789,39.5,1660148268620,0
290500172,0.3788,5029.2,1660148269054,1
290500173,0.3789,37.7,1660148271028,0
290500174,0.3789,1031.1,1660148271524,0
290500175,0.3789,15.4,1660148272225,0
290500176,0.3789,1132.8,1660148272443,0
290500177,0.3789,16.5,1660148272731,0
290500178,0.3789,142.9,1660148273189,0
290500179,0.3788,8097.1,1660148273862,1
290500180,0.3789,26385.2,1660148275146,0
290500181,0.3789,15.4,1660148276227,0
290500182,0.3788,496.8,1660148276898,1
290500183,0.3789,30.1,1660148277601,0
290500184,0.3788,2728.3,1660148277617,1
290500185,0.3789,15.0,1660148278016,0
290500186,0.3788,162.1,1660148279416,1
290500187,0.3789,15.3,1660148280264,0
290500188,0.3788,4580.2,1660148281403,1
290500189,0.3789,9539.7,1660148281623,0
290500190,0.3789,157.8,1660148282175,0
290500191,0.3788,689.2,1660148282408,1
290500192,0.3788,15.0,1660148282653,1
290500193,0.3789,6598.0,1660148283027,0
290500194,0.3788,11412.8,1660148283867,1
290500195,0.3788,15.4,1660148284235,0
290500196,0.3787,26.4,1660148284395,1
290500197,0.3787,17337.6,1660148286829,1
290500198,0.3787,15039.5,1660148286971,0
290500199,0.3786,1699.5,1660148287015,1
290500200,0.3787,53.4,1660148288034,0
290500201,0.3787,158.3,1660148288256,0
290500202,0.3786,1336.7,1660148288480,1
290500203,0.3786,2755.5,1660148289377,1
290500204,0.3785,442.0,1660148289473,1
290500205,0.3785,154.6,1660148289662,1
290500206,0.3786,15.4,1660148292211,0
290500207,0.3786,45567.0,1660148292313,0
290500208,0.3786,195.5,1660148292446,1
290500209,0.3787,20.1,1660148293519,0
290500210,0.3786,201.3,1660148295795,1
290500211,0.3787,15.3,1660148296221,0
290500212,0.3787,36.4,1660148296345,0
290500213,0.3787,6631.2,1660148297680,0
290500214,0.3786,792.1,1660148298731,1
290500215,0.3787,4427.8,1660148299076,0
290500216,0.3788,188.7,1660148299155,0
290500217,0.3788,15.4,1660148300236,0
290500218,0.3787,26.4,1660148300292,1
290500219,0.3788,329.9,1660148300558,0
290500220,0.3787,42.0,1660148300756,1
290500221,0.3788,143.0,1660148301199,0
290500222,0.3787,370.7,1660148301433,1
290500223,0.3788,255.0,1660148301509,0
290500224,0.3788,23.8,1660148301767,0
290500225,0.3787,37.1,1660148301845,1
290500226,0.3787,25758.1,1660148302176,1
290500227,0.3788,15.4,1660148304242,0
290500228,0.3787,2924.6,1660148306482,1
290500229,0.3787,38424.0,1660148307258,1
290500230,0.3787,15.3,1660148308209,0
290500231,0.3787,2747.2,1660148308812,0
290500232,0.3786,47.9,1660148310063,1
290500233,0.3786,21679.3,1660148310219,1
290500234,0.3787,15.4,1660148312217,0
290500235,0.3787,143.0,1660148314220,0
290500236,0.3786,1718.9,1660148315545,1
290500237,0.3786,197.7,1660148316194,1
290500238,0.3787,15.3,1660148316230,0
290500239,0.3786,205.8,1660148316954,1
290500240,0.3786,20.5,1660148318547,1
290500241,0.3787,1131.4,1660148319308,0
290500242,0.3786,66.0,1660148319440,1
290500243,0.3787,10000.0,1660148319667,0
290500244,0.3787,15.4,1660148320229,0
290500245,0.3786,6.6,1660148322016,1
290500246,0.3786,14671.0,1660148323696,1
290500247,0.3787,15.3,1660148324203,0
290500248,0.3787,509.7,1660148324345,0
290500249,0.3787,143.0,1660148327515,0
290500250,0.3787,15.4,1660148328205,0
290500251,0.3787,39294.3,1660148328812,0
290500252,0.3787,16.0,1660148330497,0
290500253,0.3786,14.0,1660148330931,1
290500254,0.3787,36.1,1660148331339,0
290500255,0.3787,15.3,1660148332203,0
290500256,0.3787,15.4,1660148336223,0
290500257,0.3787,1322.1,1660148337572,0
290500258,0.3787,143.0,1660148339544,0
290500259,0.3787,15.4,1660148340206,0
290500260,0.3787,29615.8,1660148341458,0
290500261,0.3786,50.1,1660148341481,1
290500262,0.3787,572.4,1660148341592,0
290500263,0.3787,15.3,1660148344203,0
290500264,0.3787,15.4,1660148348203,0
290500265,0.3787,11134.9,1660148352206,0
290500266,0.3788,143.0,1660148352690,0
290500267,0.3787,233.5,1660148353274,1
290500268,0.3787,792.1,1660148354524,1
290500269,0.3788,15.4,1660148356205,0
290500270,0.3787,16368.9,1660148356912,1
290500271,0.3787,1116.8,1660148357543,1
290500272,0.3787,2651.8,1660148359119,1
290500273,0.3788,1055.9,1660148359148,0
290500274,0.3788,15.3,1660148360204,0
290500275,0.3787,108.0,1660148360204,1
290500276,0.3787,235.6,1660148360644,1
290500277,0.3788,559.5,1660148360727,0
290500278,0.3787,4997.7,1660148360945,1
290500279,0.3788,143.0,1660148362085,0
290500280,0.3787,15673.9,1660148362123,1
290500281,0.3787,972.2,1660148363036,0
290500282,0.3787,32.4,1660148363932,0
290500283,0.3787,15.4,1660148364204,0
290500284,0.3786,74938.4,1660148365147,1
290500285,0.3786,758.4,1660148365446,0
290500286,0.3785,2420.8,1660148365883,1
290500287,0.3785,12176.7,1660148366187,1
290500288,0.3785,48182.5,1660148367524,0
290500289,0.3784,2181.8,1660148368062,1
290500290,0.3785,15.4,1660148368205,0
290500291,0.3784,15.8,1660148370526,1
290500292,0.3784,440.8,1660148371096,1
290500293,0.3785,15.3,1660148372203,0
290500294,0.3784,792.8,1660148372238,1
290500295,0.3784,351.2,1660148372726,1
290500296,0.3784,5392.6,1660148373421,1
290500297,0.3785,15.4,1660148376205,0
290500298,0.3784,255.0,1660148376937,1
290500299,0.3784,3448.4,1660148377478,1
290500300,0.3783,21000.0,1660148378068,1
290500301,0.3783,8120.1,1660148378257,1
290500302,0.3782,26.4,1660148378571,1
290500303,0.3782,10997.7,1660148379238,1
290500304,0.3783,416.7,1660148379658,0
290500305,0.3783,15.3,1660148380217,0
290500306,0.3783,48.7,1660148380473,0
290500307,0.3782,265.3,1660148381736,1
290500308,0.3782,100.0,1660148382203,1
290500309,0.3782,1031.1,1660148383037,1
290500310,0.3782,26567.4,1660148384155,1
290500311,0.3783,15.4,1660148384204,0
290500312,0.3782,1615.2,1660148384463,1
290500313,0.3782,147.9,1660148384697,1
290500314,0.3782,255.2,1660148385899,1
290500315,0.3782,4699.4,1660148386947,1
290500316,0.3783,15.3,1660148388208,0
290500317,0.3782,2578.6,1660148388515,1
290500318,0.3782,544.0,1660148389098,1
290500319,0.3782,157.8,1660148389387,1
290500320,0.3782,5510.0,1660148389633,1
290500321,0.3782,233.1,1660148390401,1
290500322,0.3782,5018.0,1660148391016,1
290500323,0.3783,15.4,1660148392204,0
290500324,0.3782,3645.1,1660148392482,1
290500325,0.3783,1068.8,1660148392497,0
290500326,0.3783,6899.7,1660148392716,0
290500327,0.3783,85.5,1660148393007,1
290500328,0.3784,13017.2,1660148393619,0
290500329,0.3783,3964.7,1660148394034,1
290500330,0.3783,26.4,1660148394864,1
290500331,0.3784,131.5,1660148395527,0
290500332,0.3784,15.4,1660148396207,0
290500333,0.3783,28887.8,1660148396385,1
290500334,0.3782,279.6,1660148398079,1
290500335,0.3782,104.6,1660148399141,1
290500336,0.3783,15.3,1660148400226,0
290500337,0.3782,37520.8,1660148403564,1
290500338,0.3782,267.2,1660148403671,0
290500339,0.3782,1602.1,1660148403799,0
290500340,0.3781,30.0,1660148404043,1
290500341,0.3782,15.4,1660148404208,0
290500342,0.3782,13.3,1660148404453,0
290500343,0.3782,4288.2,1660148405073,0
290500344,0.3782,15.3,1660148408204,0
290500345,0.3782,478.3,1660148408751,0
290500346,0.3782,132.4,1660148409247,0
290500347,0.3781,8361.9,1660148409601,1
290500348,0.3781,26.4,1660148410442,1
290500349,0.3781,6135.0,1660148411157,1
290500350,0.3782,515.7,1660148411506,0
290500351,0.3782,15.4,1660148412204,0
290500352,0.3781,38508.5,1660148412511,1
290500353,0.3781,15.3,1660148416204,0
290500354,0.378,352.9,1660148418642,1
290500355,0.3781,93.2,1660148419743,0
290500356,0.3781,15.4,1660148420204,0
290500357,0.378,275.7,1660148420461,1
290500358,0.3781,525.5,1660148421669,0
290500359,0.3781,133.3,1660148422170,0
290500360,0.3781,15.4,1660148424205,0
290500361,0.378,6225.1,1660148424912,1
290500362,0.378,26.4,1660148425979,1
290500363,0.378,509.0,1660148426699,1
290500364,0.378,2000.0,1660148426947,1
290500365,0.378,1446.2,1660148427706,1
290500366,0.378,50.8,1660148427948,1
290500367,0.378,14178.9,1660148428087,1
290500368,0.3781,15.3,1660148428203,0
290500369,0.378,17.5,1660148428227,1
290500370,0.378,114.1,1660148428353,1
290500371,0.3779,701.8,1660148429187,1
290500372,0.378,669.4,1660148429461,0
290500373,0.3779,53.8,1660148429614,1
290500374,0.378,159.9,1660148429687,0
290500375,0.3779,139.1,1660148431315,1
290500376,0.378,552.9,1660148432204,0
290500377,0.3779,5.1,1660148432820,1
290500378,0.3779,673.8,1660148434023,1
290500379,0.3779,15999.1,1660148435064,1
290500380,0.378,223.6,1660148435064,0
290500381,0.378,15.3,1660148436204,0
290500382,0.378,134.1,1660148436386,0
290500383,0.3779,313.3,1660148437422,1
290500384,0.3779,248.4,1660148438557,1
290500385,0.378,119411.6,1660148438766,0
290500386,0.378,4935.2,1660148438934,0
290500387,0.378,266.7,1660148439353,0
290500388,0.378,15.4,1660148440213,0
290500389,0.3779,50.0,1660148440977,1
290500390,0.3779,26.4,1660148441391,1
290500391,0.3779,1173.2,1660148442227,1
290500392,0.378,498.8,1660148443268,0
290500393,0.3779,998.8,1660148443320,1
290500394,0.378,2568.0,1660148443797,0
290500395,0.3779,1768.2,1660148444008,1
290500396,0.378,15.3,1660148444204,0
290500397,0.378,15.4,1660148448206,0
290500398,0.3779,38519.6,1660148449384,1
290500399,0.3779,1466.3,1660148449639,1
290500400,0.3779,138.6,1660148450215,1
290500401,0.3779,13.8,1660148450838,1
290500402,0.3779,58.5,1660148451378,1
290500403,0.378,239.2,1660148451613,0
290500404,0.378,15.3,1660148452203,0
290500405,0.378,561.3,1660148452897,0
290500406,0.3779,10950.6,1660148452916,1
290500407,0.3779,582.5,1660148455381,1
290500408,0.378,15.4,1660148456204,0
290500409,0.3779,48.2,1660148456484,1
290500410,0.3779,12260.3,1660148457811,1
290500411,0.378,1267.5,1660148457866,0
290500412,0.378,23.8,1660148459099,0
290500413,0.3779,1000.0,1660148459204,1
290500414,0.3779,13815.6,1660148459993,1
290500415,0.378,15.4,1660148460240,0
290500416,0.3779,250.7,1660148460344,1
290500417,0.3779,262.6,1660148461560,1
290500418,0.378,1594.5,1660148463274,0
290500419,0.3779,29.8,1660148463395,1
290500420,0.378,13211.2,1660148463446,0
290500421,0.378,15.3,1660148464207,0
290500422,0.3779,4606.2,1660148464799,1
290500423,0.378,7904.3,1660148465626,0
290500424,0.3779,1395.4,1660148467905,1
290500425,0.378,15.4,1660148468206,0
290500426,0.3779,5000.0,1660148469058,1
290500427,0.3779,7517.7,1660148471418,1
290500428,0.3778,170091.2,1660148471418,1
290500429,0.3777,29367.5,1660148471418,1
290500430,0.3777,49670.4,1660148471527,1
290500431,0.3777,15.3,1660148472205,0
290500432,0.3777,343.0,1660148473104,0
290500433,0.3776,385.7,1660148476063,1
290500434,0.3777,32.6,1660148476187,0
290500435,0.3777,4234.0,1660148476877,0
290500436,0.3777,22325.4,1660148477837,0
290500437,0.3778,4122.6,1660148477837,0
290500438,0.3778,15.3,1660148480209,0
290500439,0.3778,280.0,1660148482248,0
290500440,0.3777,23157.0,1660148482949,1
290500441,0.3776,910.1,1660148483455,1
290500442,0.3777,289.7,1660148483573,0
290500443,0.3776,50.0,1660148484071,1
290500444,0.3777,15.4,1660148484205,0
290500445,0.3776,4556.6,1660148484349,1
290500446,0.3776,50.0,1660148484520,1
290500447,0.3777,79.4,1660148485069,0
290500448,0.3776,150.0,1660148485212,1
290500449,0.3777,15.4,1660148488204,0
290500450,0.3776,1512.6,1660148488246,1
290500451,0.3776,5032.1,1660148488595,1
290500452,0.3777,1157.6,1660148489016,0
290500453,0.3777,39777.0,1660148491606,0
290500454,0.3776,66.6,1660148491718,1
290500455,0.3777,15.3,1660148492205,0
290500456,0.3777,263.4,1660148492859,0
290500457,0.3776,39725.0,1660148495300,1
290500458,0.3777,7471.1,1660148495967,0
290500459,0.3777,15.4,1660148496205,0
290500460,0.3776,685.6,1660148496473,1
290500461,0.3777,1122.9,1660148497070,0
290500462,0.3776,1534.2,1660148498174,1
290500463,0.3777,661.9,1660148499139,0
290500464,0.3776,446.7,1660148499332,1
290500465,0.3776,15039.5,1660148499774,1
290500466,0.3777,15.3,1660148500205,0
290500467,0.3776,324.4,1660148500389,1
290500468,0.3776,63906.8,1660148502389,1
290500469,0.3775,168126.8,1660148502389,1
290500470,0.3776,15.4,1660148504204,0
290500471,0.3775,400.0,1660148504565,1
290500472,0.3775,10000.0,1660148504810,1
290500473,0.3775,347.7,1660148505271,1
290500474,0.3776,444.1,1660148506417,0
290500475,0.3775,26.5,1660148507225,1
290500476,0.3776,15.3,1660148508205,0
290500477,0.3776,57162.9,1660148509305,0
290500478,0.3776,1800.0,1660148510720,0
290500479,0.3776,3534.3,1660148511215,0
290500480,0.3776,532.4,1660148511392,0
290500481,0.3776,15.4,1660148512205,0
290500482,0.3775,3692.9,1660148513322,1
290500483,0.3776,100.0,1660148513818,0
290500484,0.3776,578.2,1660148514500,0
290500485,0.3775,13241.5,1660148515521,1
290500486,0.3775,650.0,1660148515757,1
290500487,0.3776,15.4,1660148516203,0
290500488,0.3775,6404.6,1660148519113,1
290500489,0.3775,53.0,1660148519378,1
290500490,0.3775,26.5,1660148519937,1
290500491,0.3776,15.3,1660148520206,0
290500492,0.3776,13856.8,1660148522142,0
290500493,0.3775,64.8,1660148524034,1
290500494,0.3776,15.4,1660148524205,0
290500495,0.3775,255.3,1660148527386,1
290500496,0.3776,1800.0,1660148527658,0
290500497,0.3776,15.3,1660148528204,0
290500498,0.3776,368.9,1660148528993,0
290500499,0.3776,169.0,1660148529521,0
290500500,0.3775,392.4,1660148531112,1
290500501,0.3775,1049.2,1660148531247,1
290500502,0.3776,15.4,1660148532203,0
290500503,0.3775,26.5,1660148532440,1
290500504,0.3776,13454.6,1660148533101,0
290500505,0.3775,537.8,1660148534871,1
290500506,0.3776,15.3,1660148536203,0
290500507,0.3775,157.6,1660148536439,1
290500508,0.3775,1059.3,1660148537125,1
290500509,0.3776,15.4,1660148540203,0
290500510,0.3776,110.0,1660148540946,0
290500511,0.3775,14730.8,1660148542566,1
290500512,0.3775,14878.3,1660148543065,0
290500513,0.3775,13454.6,1660148544079,0
290500514,0.3775,15.4,1660148544207,0
290500515,0.3774,26.5,1660148545070,1
290500516,0.3775,13454.6,1660148545177,0
290500517,0.3775,150.0,1660148545571,0
290500518,0.3775,15.3,1660148548204,0
290500519,0.3775,109.3,1660148549024,0
290500520,0.3775,708.5,1660148550157,0
290500521,0.3774,189.7,1660148551073,1
290500522,0.3775,15.4,1660148552204,0
290500523,0.3775,13454.6,1660148553036,0
290500524,0.3774,943.9,1660148554316,1
290500525,0.3775,965.6,1660148555024,0
290500526,0.3774,53.4,1660148555122,1
290500527,0.3775,15.3,1660148556204,0
290500528,0.3775,26.4,1660148556641,0
290500529,0.3774,26.5,1660148557373,1
290500530,0.3774,1254.9,1660148557593,1
290500531,0.3775,13454.6,1660148558255,0
290500532,0.3775,15.4,1660148560205,0
290500533,0.3775,15.3,1660148564204,0
290500534,0.3774,91.3,1660148564468,1
290500535,0.3775,132.1,1660148564731,0
290500536,0.3774,2162.7,1660148566513,1
290500537,0.3775,15.4,1660148568205,0
290500538,0.3775,22.5,1660148568340,0
290500539,0.3775,8469.7,1660148568854,0
290500540,0.3774,1658.1,1660148569506,1
290500541,0.3774,26.5,1660148569657,1
290500542,0.3775,3190.4,1660148569922,0
290500543,0.3775,543.8,1660148571470,0
290500544,0.3775,132.0,1660148571704,0
290500545,0.3775,15.3,1660148572204,0
290500546,0.3774,143.4,1660148573068,1
290500547,0.3774,161.3,1660148573858,1
290500548,0.3775,132.0,1660148574148,0
290500549,0.3775,7990.6,1660148575229,0
290500550,0.3775,718.4,1660148575735,0
290500551,0.3775,15.4,1660148576204,0
290500552,0.3774,2568.0,1660148577906,1
290500553,0.3775,1397.3,1660148578094,0
290500554,0.3775,15.4,1660148580204,0
290500555,0.3774,26.5,1660148581848,1
290500556,0.3774,3530.0,1660148584076,1
290500557,0.3775,15.3,1660148584203,0
290500558,0.3775,7477.2,1660148584901,0
290500559,0.3775,10777.9,1660148585411,0
290500560,0.3774,3117.9,1660148586075,1
290500561,0.3774,19.8,1660148586442,1
290500562,0.3775,1800.0,1660148587054,0
290500563,0.3775,673.8,1660148587309,0
290500564,0.3775,69693.0,1660148588204,0
290500565,0.3776,15.4,1660148588245,0
290500566,0.3776,48124.5,1660148588546,0
290500567,0.3777,66.2,1660148589143,0
290500568,0.3777,15784.9,1660148589362,0
290500569,0.3777,15.3,1660148592202,0
290500570,0.3776,16.6,1660148593395,1
290500571,0.3777,519.0,1660148594079,0
290500572,0.3776,1073.0,1660148594874,1
290500573,0.3777,4427.2,1660148595548,0
290500574,0.3776,286.5,1660148595759,1
290500575,0.3777,15.4,1660148596248,0
290500576,0.3776,158.7,1660148597174,1
290500577,0.3777,15.3,1660148600205,0
290500578,0.3776,16154.7,1660148603439,1
290500579,0.3776,5622.9,1660148603875,1
290500580,0.3776,15.9,1660148604166,1
290500581,0.3777,15.4,1660148604208,0
290500582,0.3776,130.0,1660148604410,1
290500583,0.3777,1717.0,1660148604478,0
290500584,0.3776,26.5,1660148606055,1
290500585,0.3777,38.0,1660148607611,0
290500586,0.3777,36258.4,1660148607975,0
290500587,0.3778,15.4,1660148608217,0
290500588,0.3777,39.7,1660148608433,1
290500589,0.3778,17.0,1660148608585,0
290500590,0.3778,549.0,1660148609640,0
290500591,0.3778,30624.8,1660148609828,0
290500592,0.3778,52.9,1660148612068,1
290500593,0.3779,21196.1,1660148612144,0
290500594,0.3778,5758.2,1660148613921,1
290500595,0.3779,6433.6,1660148613954,0
290500596,0.3779,5876.2,1660148615015,0
290500597,0.3779,15.4,1660148616204,0
290500598,0.3778,859.9,1660148619446,1
290500599,0.3779,15.3,1660148620206,0
290500600,0.3779,1323.8,1660148621095,0
290500601,0.3778,66.2,1660148622330,1
290500602,0.3779,15.4,1660148624217,0
290500603,0.3779,250.0,1660148624366,0
290500604,0.3779,35.8,1660148626488,0
290500605,0.3778,2000.0,1660148626928,1
290500606,0.3779,15.3,1660148628206,0
290500607,0.3778,26.5,1660148629989,1
290500608,0.3779,15.4,1660148632203,0
290500609,0.3778,67.2,1660148632349,1
290500610,0.3778,770.8,1660148634129,1
290500611,0.3778,1633.9,1660148634784,1
290500612,0.3779,804.0,1660148635022,0
290500613,0.3778,2500.0,1660148636205,1
290500614,0.3779,15.4,1660148636208,0
290500615,0.3779,15.3,1660148640205,0
290500616,0.3778,26.5,1660148642516,1
290500617,0.3779,300.0,1660148643267,0
290500618,0.3778,8646.0,1660148643836,1
290500619,0.3778,10.0,1660148644058,1
290500620,0.3779,15.4,1660148644205,0
290500621,0.3779,397.2,1660148644645,0
290500622,0.3778,376.0,1660148644682,1
290500623,0.3779,548.7,1660148644800,0
290500624,0.3779,15.3,1660148648204,0
290500625,0.3779,386.2,1660148649083,0
290500626,0.3778,64911.0,1660148651360,1
290500627,0.3777,9229.2,1660148651520,1
290500628,0.3777,2646.0,1660148651635,1
290500629,0.3778,15.4,1660148652218,0
290500630,0.3777,15.9,1660148654950,1
290500631,0.3778,15.3,1660148656208,0
290500632,0.3777,1400.0,1660148658401,1
290500633,0.3777,1380.1,1660148659323,1
290500634,0.3777,484.9,1660148659929,1
290500635,0.3778,15.4,1660148660206,0
290500636,0.3777,26.5,1660148661734,1
290500637,0.3778,15.4,1660148664205,0
290500638,0.3777,35.0,1660148665946,1
290500639,0.3777,265.1,1660148667127,1
290500640,0.3778,15.3,1660148668204,0
290500641,0.3778,15.4,1660148672206,0
290500642,0.3777,26.5,1660148673068,1
290500643,0.3778,3491.4,1660148673538,0
290500644,0.3777,1859.0,1660148674496,1
290500645,0.3778,264.6,1660148674522,0
290500646,0.3777,1500.0,1660148675591,1
290500647,0.3778,15.3,1660148676203,0
290500648,0.3777,297.0,1660148676715,1
290500649,0.3778,15.4,1660148680205,0
290500650,0.3777,8166.7,1660148682650,1
290500651,0.3777,93.0,1660148683156,1
290500652,0.3778,15.3,1660148684205,0
290500653,0.3777,26.5,1660148685203,1
290500654,0.3777,936.4,1660148687355,1
290500655,0.3777,697.7,1660148687613,1
290500656,0.3778,15.4,1660148688205,0
290500657,0.3777,609.1,1660148688333,1
290500658,0.3777,38.7,1660148689054,1
290500659,0.3777,222.9,1660148690616,1
290500660,0.3778,15.3,1660148692225,0
290500661,0.3778,15.4,1660148696204,0
290500662,0.3777,26.5,1660148696254,1
290500663,0.3777,60.0,1660148696709,1
290500664,0.3777,1736.1,1660148697465,1
290500665,0.3778,300.0,1660148697893,0
290500666,0.3777,112.0,1660148699003,1
290500667,0.3778,15.4,1660148700255,0
290500668,0.3777,178.2,1660148700642,1
290500669,0.3777,177.5,1660148701481,1
290500670,0.3778,139238.4,1660148702095,0
290500671,0.3778,1254.3,1660148702199,0
290500672,0.3779,725.5,1660148702258,0
290500673,0.3779,15.3,1660148704204,0
290500674,0.3779,4649.3,1660148705480,0
290500675,0.3779,545.2,1660148707209,0
290500676,0.3779,98760.6,1660148707760,0
290500677,0.378,790.8,1660148707814,0
290500678,0.378,15.4,1660148708213,0
290500679,0.378,803.9,1660148709069,0
290500680,0.378,11915.0,1660148710198,0
290500681,0.378,34.3,1660148710800,0
290500682,0.3779,400.0,1660148711942,1
290500683,0.378,515.7,1660148712049,0
290500684,0.378,15.3,1660148712217,0
290500685,0.3779,5888.9,1660148715429,1
290500686,0.378,15.4,1660148716231,0
290500687,0.3779,36861.7,1660148718866,1
290500688,0.3778,100.0,1660148719111,1
290500689,0.3779,15.3,1660148720230,0
290500690,0.3779,513.0,1660148721881,0
290500691,0.3778,1345.9,1660148722145,1
290500692,0.3779,15.4,1660148724211,0
290500693,0.3778,57.5,1660148724880,1
290500694,0.3778,523.3,1660148726569,1
290500695,0.3778,661.9,1660148726887,1
290500696,0.3779,15.4,1660148728243,0
290500697,0.3778,26.5,1660148728619,1
290500698,0.3779,86.3,1660148729522,0
290500699,0.3779,1109.9,1660148730788,0
290500700,0.3779,548.0,1660148731668,0
290500701,0.3779,24.9,1660148731777,0
290500702,0.3779,15.3,1660148732237,0
290500703,0.3778,714.6,1660148732748,1
290500704,0.3779,584.5,1660148734244,0
290500705,0.3779,26954.8,1660148734359,0
290500706,0.3779,123.4,1660148735348,1
290500707,0.378,15.4,1660148736217,0
290500708,0.3779,51.5,1660148736741,1
290500709,0.378,548.3,1660148736951,0
290500710,0.3779,719.1,1660148737565,1
290500711,0.3779,279.9,1660148738269,1
290500712,0.3779,85.9,1660148738655,1
290500713,0.378,15.3,1660148740230,0
290500714,0.378,37.1,1660148742020,0
290500715,0.378,512.5,1660148742558,0
290500716,0.3779,212.4,1660148743066,1
290500717,0.378,15.4,1660148744203,0
290500718,0.3779,15.9,1660148746986,1
290500719,0.378,15.3,1660148748216,0
290500720,0.3779,73.0,1660148748785,1
290500721,0.378,63173.6,1660148748872,0
290500722,0.3779,316.0,1660148749000,1
290500723,0.3779,44489.5,1660148750327,1
290500724,0.3778,15610.7,1660148750329,1
290500725,0.3778,20910.3,1660148750514,1
290500726,0.3777,368.9,1660148750827,1
290500727,0.3777,52513.0,1660148751203,1
290500728,0.3776,351.2,1660148751279,1
290500729,0.3777,15.4,1660148752230,0
290500730,0.3777,23957.5,1660148753191,0
290500731,0.3777,1817.7,1660148754491,0
290500732,0.3777,1193.7,1660148755233,0
290500733,0.3777,15.4,1660148756238,0
290500734,0.3777,65.4,1660148758118,0
290500735,0.3777,16790.8,1660148758824,0
290500736,0.3778,15.3,1660148760206,0
290500737,0.3777,81728.0,1660148760442,1
290500738,0.3777,37.2,1660148760744,1
290500739,0.3778,212.4,1660148761302,0
290500740,0.3777,937.5,1660148762256,1
290500741,0.3777,976.3,1660148762539,1
290500742,0.3777,10.0,1660148763213,1
290500743,0.3778,15.4,1660148764204,0
290500744,0.3777,179.5,1660148766723,1
290500745,0.3778,132.3,1660148767812,0
290500746,0.3778,15.3,1660148768209,0
290500747,0.3777,4166.3,1660148768320,1
290500748,0.3777,398.1,1660148768372,0
290500749,0.3776,3709.9,1660148771172,1
290500750,0.3776,1187.1,1660148771943,1
290500751,0.3777,15.4,1660148772205,0
290500752,0.3776,60.6,1660148772417,1
290500753,0.3777,57.5,1660148774268,0
290500754,0.3776,5885.9,1660148774405,1
290500755,0.3777,264.8,1660148774680,0
290500756,0.3777,15.3,1660148776206,0
290500757,0.3776,158.6,1660148776664,1
290500758,0.3776,5583.9,1660148777070,1
290500759,0.3777,71348.0,1660148778059,0
290500760,0.3777,652.0,1660148779552,1
290500761,0.3778,15.4,1660148780208,0
290500762,0.3778,74246.0,1660148781349,0
290500763,0.3778,17662.8,1660148781557,0
290500764,0.3778,72817.4,1660148781674,1
290500765,0.3778,91.3,1660148781706,0
290500766,0.3777,1323.4,1660148783490,1
290500767,0.3778,1348.6,1660148784194,0
290500768,0.3778,6615.7,1660148784356,0
290500769,0.3777,1052.6,1660148786456,1
290500770,0.3777,100.0,1660148786673,1
290500771,0.3777,924.7,1660148787756,1
290500772,0.3778,15.3,1660148788204,0
290500773,0.3777,533.5,1660148791221,1
290500774,0.3777,48.5,1660148791372,1
290500775,0.3778,15.4,1660148792205,0
290500776,0.3778,2095.7,1660148792649,0
290500777,0.3777,56.9,1660148793860,1
290500778,0.3777,1349.4,1660148794925,1
290500779,0.3777,48.5,1660148795191,1
290500780,0.3778,15.3,1660148796206,0
290500781,0.3778,264.5,1660148796577,0
290500782,0.3777,26.5,1660148798108,1
290500783,0.3778,15.4,1660148800205,0
290500784,0.3777,794.0,1660148803301,1
290500785,0.3778,24065.8,1660148804113,0
290500786,0.3777,4328.7,1660148804415,1
290500787,0.3777,52372.0,1660148805279,1
290500788,0.3778,529.5,1660148806970,0
290500789,0.3777,864.2,1660148807314,1
290500790,0.3778,15.4,1660148808205,0
290500791,0.3777,26602.8,1660148808293,1
290500792,0.3777,1455.1,1660148809006,1
290500793,0.3776,26.5,1660148810313,1
290500794,0.3777,15.3,1660148812206,0
290500795,0.3776,39.7,1660148812735,1
290500796,0.3777,6622.6,1660148813954,0
290500797,0.3776,8469.7,1660148814698,1
290500798,0.3777,264.8,1660148814862,0
290500799,0.3777,15.4,1660148816216,0
290500800,0.3776,1209.0,1660148816594,1
290500801,0.3775,66.7,1660148816594,1
290500802,0.3776,26.5,1660148816677,0
290500803,0.3776,6045.0,1660148820175,0
290500804,0.3775,26.5,1660148822518,1
290500805,0.3776,1756.2,1660148824230,0
290500806,0.3777,86411.8,1660148824686,0
290500807,0.3777,2027.4,1660148824773,1
290500808,0.3778,15.4,1660148828206,0
290500809,0.3777,1440.6,1660148828615,1
290500810,0.3777,1009.5,1660148829778,1
290500811,0.3778,95814.2,1660148830476,0
290500812,0.3778,14000.0,1660148831418,1
290500813,0.3778,33498.3,1660148831546,1
290500814,0.3777,2151.0,1660148831838,1
290500815,0.3778,15.3,1660148832226,0
290500816,0.3777,291.9,1660148832522,1
290500817,0.3777,280.0,1660148832809,1
290500818,0.3778,43788.2,1660148833873,0
290500819,0.3779,1051.3,1660148835876,0
290500820,0.3779,15.4,1660148836206,0
290500821,0.3778,128.0,1660148836220,1
290500822,0.3778,1186.4,1660148837292,1
290500823,0.3778,357.2,1660148837750,1
290500824,0.3778,609.5,1660148838155,1
290500825,0.3778,23170.3,1660148839183,1
290500826,0.3777,787.2,1660148839183,1
290500827,0.3777,496.0,1660148839433,1
290500828,0.3778,788.1,1660148839489,0
290500829,0.3778,15.3,1660148840242,0
290500830,0.3777,1178.5,1660148841562,1
290500831,0.3777,1397.0,1660148841900,1
290500832,0.3777,1516.0,1660148842219,1
290500833,0.3778,264.6,1660148843991,0
290500834,0.3778,15.4,1660148844223,0
290500835,0.3777,26.5,1660148846667,1
290500836,0.3777,37.3,1660148847588,1
290500837,0.3778,15.4,1660148848225,0
290500838,0.3778,4411.1,1660148849428,0
290500839,0.3777,48.5,1660148850692,1
290500840,0.3778,15.3,1660148852206,0
290500841,0.3778,143.1,1660148853150,0
290500842,0.3777,48.5,1660148853513,1
290500843,0.3777,48.5,1660148854455,1
290500844,0.3778,15.4,1660148856214,0
290500845,0.3777,3354.8,1660148856557,1
290500846,0.3777,298.5,1660148858552,1
290500847,0.3777,26.5,1660148859477,1
290500848,0.3778,15.3,1660148860231,0
290500849,0.3777,48.5,1660148862772,1
290500850,0.3777,97.0,1660148862937,1
290500851,0.3777,254.3,1660148864043,1
290500852,0.3778,15.4,1660148864215,0
290500853,0.3777,17.0,1660148864358,1
290500854,0.3777,48.5,1660148867217,1
290500855,0.3778,15.3,1660148868204,0
290500856,0.3778,246.8,1660148869811,0
290500857,0.3777,26.5,1660148871954,1
290500858,0.3778,15.4,1660148872228,0
290500859,0.3778,28732.3,1660148872333,0
290500860,0.3779,548.1,1660148872633,0
290500861,0.3778,158.9,1660148873487,1
290500862,0.3779,43993.4,1660148873676,0
290500863,0.378,15.4,1660148876222,0
290500864,0.3779,287.9,1660148876492,1
290500865,0.3779,274.0,1660148877910,1
290500866,0.3779,12388.9,1660148879402,1
290500867,0.378,155.7,1660148880009,0
290500868,0.378,15.3,1660148880257,0
290500869,0.3779,58.6,1660148882229,1
290500870,0.3779,10.0,1660148883140,1
290500871,0.378,15.4,1660148884214,0
290500872,0.378,1194.5,1660148884584,0
290500873,0.378,32.9,1660148885030,0
290500874,0.378,92449.4,1660148886373,0
290500875,0.3781,732.7,1660148886386,0
290500876,0.378,7543.7,1660148886421,1
290500877,0.3781,139.9,1660148887702,0
290500878,0.3781,15.3,1660148888205,0
290500879,0.378,1333.2,1660148888444,1
290500880,0.3781,15.4,1660148892232,0
290500881,0.378,161.4,1660148892445,1
290500882,0.3781,15.3,1660148896228,0
290500883,0.378,15.9,1660148896413,1
290500884,0.378,1956.8,1660148897952,1
290500885,0.378,21379.9,1660148898111,1
290500886,0.378,15.4,1660148900235,0
290500887,0.378,15.3,1660148904205,0
290500888,0.378,247.2,1660148905297,0
290500889,0.3779,26.5,1660148907469,1
290500890,0.378,1392.5,1660148907623,0
290500891,0.378,15.4,1660148908235,0
290500892,0.3779,4411.1,1660148908976,1
290500893,0.3779,29.5,1660148909667,1
290500894,0.3779,862.0,1660148910468,1
290500895,0.378,15.4,1660148912228,0
290500896,0.378,15.3,1660148916205,0
290500897,0.3779,26.5,1660148919491,1
290500898,0.3779,264.6,1660148919749,1
290500899,0.378,15.4,1660148920218,0
290500900,0.3779,8920.1,1660148921512,1
290500901,0.378,3521.0,1660148923263,0
290500902,0.378,50.0,1660148923642,0
290500903,0.378,15.3,1660148924218,0
290500904,0.378,521.3,1660148925417,0
290500905,0.378,1417.3,1660148926372,0
290500906,0.378,15.4,1660148928216,0
290500907,0.3779,14061.0,1660148928977,1
290500908,0.3779,26.5,1660148931493,1
290500909,0.378,15.3,1660148932229,0
290500910,0.3779,5000.0,1660148933717,1
290500911,0.3779,548.7,1660148934342,1
290500912,0.3779,53.2,1660148936080,1
290500913,0.378,279.1,1660148936221,0
290500914,0.3779,3761.0,1660148936291,1
290500915,0.378,334.0,1660148936372,0
290500916,0.3779,4440.0,1660148937294,1
290500917,0.3779,219.2,1660148939434,1
290500918,0.378,15.4,1660148940204,0
290500919,0.3779,984.4,1660148941459,1
290500920,0.3779,26.5,1660148943857,1
290500921,0.378,15.3,1660148944204,0
290500922,0.378,291.3,1660148944526,0
290500923,0.3779,370.3,1660148947644,1
290500924,0.378,28.8,1660148947835,0
290500925,0.378,15.4,1660148948203,0
290500926,0.3779,1000.0,1660148949402,1
290500927,0.3779,1153.5,1660148950358,1
290500928,0.3779,1491.1,1660148950838,1
290500929,0.3779,1226.9,1660148951381,1
290500930,0.378,15.3,1660148952203,0
290500931,0.378,1800.0,1660148955286,0
290500932,0.3779,26.5,1660148955774,1
290500933,0.378,15.4,1660148956205,0
290500934,0.3779,103.0,1660148956456,1
290500935,0.3779,1207.2,1660148958616,1
290500936,0.3779,823.3,1660148958875,1
290500937,0.378,15.3,1660148960206,0
290500938,0.378,445.9,1660148960991,0
290500939,0.378,92226.5,1660148961768,0
290500940,0.3781,547.6,1660148961860,0
290500941,0.3781,15.4,1660148964203,0
290500942,0.378,3921.6,1660148965469,1
290500943,0.3781,15.4,1660148968203,0
290500944,0.3781,92555.7,1660148968389,0
290500945,0.3781,1389.1,1660148968501,0
290500946,0.3781,50.0,1660148970074,0
290500947,0.3781,5557.2,1660148970630,0
290500948,0.3781,43.3,1660148970889,1
290500949,0.3781,7934.4,1660148972137,1
290500950,0.3782,15.3,1660148972203,0
290500951,0.3781,500.0,1660148972884,1
290500952,0.3781,4234.0,1660148973061,1
290500953,0.3782,47863.2,1660148973208,0
290500954,0.3782,8095.5,1660148973404,1
290500955,0.3783,548.4,1660148973411,0
290500956,0.3782,517.6,1660148973791,1
290500957,0.3783,176.9,1660148974847,0
290500958,0.3782,261.3,1660148975934,1
290500959,0.3783,15.4,1660148976204,0
290500960,0.3783,15.3,1660148980207,0
290500961,0.3783,384.8,1660148983297,0
290500962,0.3782,15.9,1660148983509,1
290500963,0.3783,15.4,1660148984205,0
290500964,0.3783,1076.4,1660148985695,0
290500965,0.3783,6380.4,1660148987113,0
290500966,0.3782,1109.9,1660148987979,1
290500967,0.3783,15.3,1660148988203,0
290500968,0.3783,1304.9,1660148990308,0
290500969,0.3782,133.0,1660148990767,1
290500970,0.3783,15.4,1660148992209,0
290500971,0.3783,6000.0,1660148994138,0
290500972,0.3783,15.4,1660148996204,0
290500973,0.3782,132.4,1660148997781,1
290500974,0.3782,1783.6,1660148999142,1
290500975,0.3783,15.3,1660149000205,0
290500976,0.3783,1203.9,1660149000948,0
290500977,0.3783,50.8,1660149001326,0
290500978,0.3782,26.5,1660149002220,1
290500979,0.3782,10.0,1660149002710,1
290500980,0.3783,15.4,1660149004203,0
290500981,0.3782,5306.4,1660149004910,1
290500982,0.3783,418.2,1660149005058,0
290500983,0.3783,52743.8,1660149007790,0
290500984,0.3783,48553.3,1660149008134,0
290500985,0.3783,21155.8,1660149008242,0
290500986,0.3783,16503.6,1660149008319,1
290500987,0.3784,546.7,1660149008320,0
290500988,0.3783,9838.9,1660149008324,1
290500989,0.3783,223.5,1660149008648,1
290500990,0.3784,493.4,1660149011792,0
290500991,0.3784,15.4,1660149012204,0
290500992,0.3783,1000.0,1660149012698,1
290500993,0.3784,15.3,1660149016204,0
290500994,0.3784,14.0,1660149016559,0
290500995,0.3783,158.5,1660149016609,1
290500996,0.3783,31.8,1660149018243,1
290500997,0.3783,3293.1,1660149019703,1
290500998,0.3784,15.4,1660149020205,0
290500999,0.3784,28.5,1660149021122,0
290501000,0.3784,8780.7,1660149021320,0
290501001,0.3784,1800.0,1660149022016,0
290501002,0.3783,88076.0,1660149023932,1
290501003,0.3782,51903.6,1660149024122,1
290501004,0.3782,15.3,1660149024279,0
290501005,0.3781,26.5,1660149025447,1
290501006,0.3782,3938.2,1660149026858,0
290501007,0.3781,693.0,1660149027262,1
290501008,0.3782,257.2,1660149027611,0
290501009,0.3781,100.0,1660149027851,1
290501010,0.3781,14.0,1660149027988,1
290501011,0.3782,15.4,1660149028204,0
290501012,0.3781,243.0,1660149029092,1
290501013,0.3781,120.6,1660149029651,1
290501014,0.3782,601.0,1660149029660,0
290501015,0.3782,166.4,1660149030242,0
290501016,0.3781,14.1,1660149030984,1
290501017,0.3781,22187.0,1660149031248,1
290501018,0.3781,26.4,1660149031516,0
290501019,0.378,806.0,1660149031785,1
290501020,0.3781,15.4,1660149032203,0
290501021,0.378,1297.0,1660149032785,1
290501022,0.3781,20.0,1660149034406,0
290501023,0.378,456.9,1660149035201,1
290501024,0.3781,15.3,1660149036203,0
290501025,0.378,26.5,1660149037251,1
290501026,0.378,29886.6,1660149037721,1
290501027,0.378,505.5,1660149037852,1
290501028,0.3781,52.0,1660149039274,0
290501029,0.3781,15.4,1660149040211,0
290501030,0.378,13164.2,1660149042054,1
290501031,0.378,24.7,1660149042294,1
290501032,0.3781,15.3,1660149044203,0
290501033,0.3781,120036.3,1660149044462,0
290501034,0.3781,13933.9,1660149045331,1
290501035,0.3781,605.3,1660149046245,1
290501036,0.3782,15.4,1660149048205,0
290501037,0.3781,257.2,1660149048656,1
290501038,0.3781,26.5,1660149048841,1
290501039,0.3781,23.0,1660149049844,1
290501040,0.3781,231.1,1660149051558,1
290501041,0.3781,13347.5,1660149051774,1
290501042,0.3782,15.3,1660149052205,0
290501043,0.3781,200.0,1660149052358,1
290501044,0.3781,3706.9,1660149053314,1
290501045,0.3781,65.4,1660149054897,1
290501046,0.3781,69.3,1660149055366,1
290501047,0.3782,3120.3,1660149055739,0
290501048,0.3782,15.4,1660149056203,0
290501049,0.3781,1329.2,1660149058472,1
290501050,0.3782,15.4,1660149060206,0
290501051,0.3781,43.5,1660149060262,1
290501052,0.3781,102.4,1660149060386,1
290501053,0.3782,235.0,1660149062857,0
290501054,0.3782,15.3,1660149064205,0
290501055,0.3781,264.4,1660149065855,1
290501056,0.3782,215.4,1660149068205,0
290501057,0.3781,793.2,1660149071702,1
290501058,0.3782,427.9,1660149071869,0
290501059,0.3781,29612.4,1660149071947,1
290501060,0.3781,15.3,1660149072331,0
290501061,0.3781,7611.5,1660149072584,0
290501062,0.3781,2077.3,1660149072807,0
290501063,0.378,4922.0,1660149073149,1
290501064,0.3781,727.0,1660149073287,0
290501065,0.378,136.1,1660149073584,1
290501066,0.378,49843.8,1660149073817,1
290501067,0.3779,7250.1,1660149073834,1
290501068,0.3779,1628.2,1660149074100,1
290501069,0.3779,78787.9,1660149074314,1
290501070,0.3778,737.6,1660149075069,1
290501071,0.3778,1393.2,1660149075232,1
290501072,0.3779,15.4,1660149076206,0
290501073,0.3779,129.2,1660149077017,0
290501074,0.3778,500.0,1660149079000,1
290501075,0.3778,26316.5,1660149079598,1
290501076,0.3779,15.3,1660149080203,0
290501077,0.3779,24261.2,1660149080514,0
290501078,0.3779,11179.7,1660149081095,0
290501079,0.3778,126481.0,1660149085694,1
290501080,0.3778,250026.5,1660149085820,1
290501081,0.3778,380016.0,1660149086808,1
290501082,0.3777,1589.0,1660149086957,1
290501083,0.3778,28.6,1660149087521,0
290501084,0.3777,1296.3,1660149088174,1
290501085,0.3777,1631.3,1660149089361,1
290501086,0.3778,424.8,1660149090336,0
290501087,0.3777,141.0,1660149091803,1
290501088,0.3777,3158.8,1660149092459,1
290501089,0.3777,175.4,1660149093079,1
290501090,0.3778,460.5,1660149093506,0
290501091,0.3777,2170.3,1660149093717,1
290501092,0.3777,811.3,1660149093860,1
290501093,0.3778,79.4,1660149095101,0
290501094,0.3777,880.5,1660149097557,1
290501095,0.3777,1785.5,1660149101303,1
290501096,0.3777,200.0,1660149102034,1
290501097,0.3777,7288.8,1660149102866,1
290501098,0.3776,2711.2,1660149102866,1
290501099,0.3777,1500.0,1660149102866,0
290501100,0.3778,82421.9,1660149102866,0
290501101,0.3777,25101.2,1660149102909,0
290501102,0.3777,20083.8,1660149107390,1
290501103,0.3777,1225.3,1660149109362,0
290501104,0.3776,26.5,1660149109730,1
290501105,0.3776,9302.3,1660149112186,1
290501106,0.3777,911.4,1660149112445,0
290501107,0.3777,27005.4,1660149113681,0
290501108,0.3778,586.6,1660149114266,0
290501109,0.3777,95.0,1660149114335,1
290501110,0.3778,907.0,1660149114589,0
290501111,0.3777,243.0,1660149114882,1
290501112,0.3778,13277.0,1660149114889,0
290501113,0.3778,165.3,1660149115489,0
290501114,0.3777,130.7,1660149115813,1
290501115,0.3777,42.8,1660149116589,1
290501116,0.3778,364.2,1660149117886,0
290501117,0.3778,174.3,1660149118884,0
290501118,0.3777,2000.0,1660149120091,1
290501119,0.3778,483.3,1660149120712,0
290501120,0.3778,13688.9,1660149121059,0
290501121,0.3777,26.5,1660149121488,1
290501122,0.3778,250.8,1660149121870,0
290501123,0.3777,10.0,1660149122667,1
290501124,0.3778,700.9,1660149122921,0
290501125,0.3778,13421.0,1660149124058,0
290501126,0.3778,13421.0,1660149125049,0
290501127,0.3778,840.1,1660149125876,0
290501128,0.3778,13421.0,1660149126218,0
290501129,0.3778,77759.8,1660149126340,0
290501130,0.3778,1360.9,1660149128268,1
290501131,0.3779,30986.2,1660149129890,0
290501132,0.378,1200.5,1660149130827,0
290501133,0.378,686.6,1660149131845,0
290501134,0.378,389.3,1660149132053,0
290501135,0.378,105.4,1660149134909,0
290501136,0.3779,2753.3,1660149135909,1
290501137,0.378,13421.0,1660149137118,0
290501138,0.378,13643.8,1660149139992,0
290501139,0.378,13421.0,1660149141052,0
290501140,0.3779,145.0,1660149141111,1
290501141,0.3779,1740.0,1660149142583,1
290501142,0.378,300.1,1660149144084,0
290501143,0.3779,26.5,1660149144947,1
290501144,0.3779,1590.9,1660149147152,1
290501145,0.378,13421.0,1660149149054,0
290501146,0.3779,36293.9,1660149153130,1
290501147,0.3778,1600.5,1660149153548,1
290501148,0.3778,52314.9,1660149153808,1
290501149,0.3777,152163.2,1660149153808,1
290501150,0.3776,154311.4,1660149153809,1
290501151,0.3775,202187.3,1660149153811,1
290501152,0.3776,1919.0,1660149153848,0
290501153,0.3775,27515.8,1660149153857,1
290501154,0.3774,39518.0,1660149153902,1
290501155,0.3774,35803.6,1660149154035,1
290501156,0.3773,91806.8,1660149154105,1
290501157,0.3772,48638.3,1660149154105,1
290501158,0.3775,6591.9,1660149154106,0
290501159,0.3773,44355.3,1660149154160,0
290501160,0.3773,2760.0,1660149154227,1
290501161,0.3774,32553.3,1660149154248,0
290501162,0.3773,12802.9,1660149154262,1
290501163,0.3774,65127.3,1660149154268,0
290501164,0.3773,4797.2,1660149154288,1
290501165,0.3774,138.8,1660149154335,0
290501166,0.3773,15810.2,1660149154337,1
290501167,0.3773,1249.0,1660149154439,1
290501168,0.3774,29785.4,1660149154673,0
290501169,0.3775,97164.2,1660149154729,0
290501170,0.3775,15302.9,1660149154970,1
290501171,0.3775,5518.0,1660149155160,1
290501172,0.3775,2769.1,1660149155377,1
290501173,0.3775,1597.6,1660149155961,1
290501174,0.3776,665.4,1660149156248,0
290501175,0.3775,2757.0,1660149156343,1
290501176,0.3775,26.5,1660149156645,1
290501177,0.3776,13421.0,1660149157056,0
290501178,0.3775,2285.3,1660149157060,1
290501179,0.3775,5518.0,1660149157448,1
290501180,0.3776,16061.0,1660149157469,0
290501181,0.3776,14900.1,1660149157524,1
290501182,0.3777,1837.7,1660149157924,0
290501183,0.3776,26511.1,1660149157958,1
290501184,0.3776,2762.0,1660149158113,1
290501185,0.3776,2755.8,1660149158427,1
290501186,0.3777,13421.0,1660149159103,0
290501187,0.3776,6543.6,1660149159787,1
290501188,0.3776,5524.0,1660149160018,1
290501189,0.3776,3702.4,1660149160948,1
290501190,0.3777,13421.0,1660149161107,0
290501191,0.3776,5515.0,1660149161216,1
290501192,0.3776,3612.8,1660149162011,1
290501193,0.3777,13421.0,1660149162074,0
290501194,0.3777,536.3,1660149162192,0
290501195,0.3777,4453.7,1660149162452,0
290501196,0.3777,13421.0,1660149164037,0
290501197,0.3777,661.9,1660149165230,0
290501198,0.3777,13421.0,1660149166133,0
290501199,0.3777,13421.0,1660149168119,0
290501200,0.3776,3469.1,1660149168679,1
290501201,0.3775,93.1,1660149168762,1
290501202,0.3776,13421.0,1660149169103,0
290501203,0.3775,1500.0,1660149169239,1
290501204,0.3775,2759.0,1660149169476,1
290501205,0.3775,1148.0,1660149169777,1
290501206,0.3775,13587.6,1660149171546,1
290501207,0.3774,945.7,1660149171546,1
290501208,0.3775,28398.0,1660149172398,0
290501209,0.3776,89926.6,1660149172399,0
290501210,0.3776,13421.0,1660149173080,0
290501211,0.3775,2646.8,1660149174948,1
290501212,0.3776,15584.1,1660149176134,0
290501213,0.3775,353.4,1660149176784,1
290501214,0.3776,15131.7,1660149178102,0
290501215,0.3776,231.1,1660149178325,0
290501216,0.3775,661.8,1660149179457,1
290501217,0.3775,34.4,1660149180209,1
290501218,0.3776,15199.5,1660149180631,0
290501219,0.3776,95.7,1660149180693,1
290501220,0.3776,34.2,1660149182219,1
290501221,0.3776,3800.0,1660149182837,1
290501222,0.3776,21169.6,1660149183925,1
290501223,0.3776,35.6,1660149186596,1
290501224,0.3776,41.5,1660149187098,1
290501225,0.3777,1278.3,1660149188976,0
290501226,0.3777,74554.4,1660149189214,0
290501227,0.3778,18195.9,1660149189580,0
290501228,0.3778,27469.1,1660149189693,0
290501229,0.3778,1455.7,1660149189804,1
290501230,0.3778,246.8,1660149191785,1
290501231,0.3778,26.5,1660149192564,1
290501232,0.3778,39.4,1660149193982,1
290501233,0.3778,2324.6,1660149195580,1
290501234,0.3778,132.9,1660149195776,1
290501235,0.3779,4224.0,1660149196475,0
290501236,0.3778,2393.4,1660149197110,1
290501237,0.3778,5461.8,1660149200365,1
290501238,0.3778,26.5,1660149204078,1
290501239,0.3778,5968.7,1660149205742,1
290501240,0.3779,174.8,1660149206430,0
290501241,0.3778,24.9,1660149208761,1
290501242,0.3778,64.0,1660149209243,1
290501243,0.3778,46.1,1660149210012,1
290501244,0.3779,100.0,1660149211592,0
290501245,0.3779,10000.0,1660149212412,0
290501246,0.3779,17256.5,1660149212972,0
290501247,0.378,138.5,1660149214601,0
290501248,0.378,151.8,1660149215889,0
290501249,0.3779,801.0,1660149216251,1
290501250,0.378,385.0,1660149217578,0
290501251,0.3779,8238.7,1660149219056,1
290501252,0.378,123.7,1660149220193,0
290501253,0.378,3030.0,1660149220899,0
290501254,0.378,58462.1,1660149221828,0
290501255,0.378,38671.5,1660149221887,1
290501256,0.3781,2170.3,1660149225478,0
290501257,0.378,682.1,1660149227052,1
290501258,0.378,44.6,1660149227412,1
290501259,0.378,66.0,1660149228032,1
290501260,0.3781,182.1,1660149229388,0
290501261,0.378,15.3,1660149230870,1
290501262,0.378,112.6,1660149232355,1
290501263,0.3781,16.0,1660149234255,0
290501264,0.378,19.4,1660149235082,1
290501265,0.378,1095.5,1660149236078,1
290501266,0.378,26.5,1660149237894,1
290501267,0.378,39672.0,1660149238880,1
290501268,0.378,14.2,1660149240167,1
290501269,0.3781,26.4,1660149241078,0
290501270,0.378,6247.9,1660149241752,1
290501271,0.378,15513.8,1660149241921,1
290501272,0.378,262.5,1660149241990,0
290501273,0.3779,26.8,1660149242241,1
290501274,0.3779,1739.4,1660149242367,1
290501275,0.3779,10.0,1660149243313,1
290501276,0.3779,13.3,1660149244024,1
290501277,0.3779,36913.6,1660149244445,1
290501278,0.3779,328.8,1660149244820,0
290501279,0.3779,2054.4,1660149245107,0
290501280,0.3778,5656.1,1660149247660,1
290501281,0.3778,53.5,1660149249238,1
290501282,0.3778,125.3,1660149249838,1
290501283,0.3778,892.3,1660149254903,1
290501284,0.3778,159.0,1660149256176,1
290501285,0.3779,39.4,1660149257233,0
290501286,0.3778,250.0,1660149257826,1
290501287,0.3778,57.0,1660149258527,1
290501288,0.3778,26.5,1660149261251,1
290501289,0.3778,1976.1,1660149261691,1
290501290,0.3778,370.0,1660149262545,1
290501291,0.3778,831.1,1660149263955,1
290501292,0.3779,191.1,1660149265066,0
290501293,0.3778,26.5,1660149272549,1
290501294,0.3779,2038.8,1660149273249,0
290501295,0.3778,13639.0,1660149274029,1
290501296,0.3777,21421.9,1660149279010,1
290501297,0.3777,500.0,1660149279289,1
290501298,0.3777,79.0,1660149279966,1
290501299,0.3777,1991.9,1660149282471,1
290501300,0.3777,26.5,1660149283786,1
290501301,0.3777,319.6,1660149285752,1
290501302,0.3778,75300.7,1660149289243,0
290501303,0.3777,553.7,1660149291528,1
290501304,0.3777,53093.2,1660149292021,1
290501305,0.3777,40822.1,1660149292426,0
290501306,0.3777,35203.4,1660149292567,0
290501307,0.3777,11466.5,1660149292740,0
290501308,0.3778,52170.5,1660149293821,0
290501309,0.3778,1308.0,1660149294816,1
290501310,0.3778,80.0,1660149294987,1
290501311,0.3778,2038.8,1660149296742,1
290501312,0.3779,62642.3,1660149300094,0
290501313,0.3778,13.5,1660149300271,1
290501314,0.3779,1197.0,1660149300434,0
290501315,0.3778,1057.5,1660149301177,1
290501316,0.3778,1770.4,1660149303388,1
290501317,0.3779,52.2,1660149303993,0
290501318,0.3778,90549.7,1660149304354,1
290501319,0.3777,112290.2,1660149304355,1
290501320,0.3776,61952.9,1660149304362,1
290501321,0.3775,133918.0,1660149304457,1
290501322,0.3775,11775.3,1660149304558,1
290501323,0.3775,18626.8,1660149304668,1
290501324,0.3775,64778.9,1660149304897,0
290501325,0.3774,87610.1,1660149305077,1
290501326,0.3773,55871.7,1660149305077,1
290501327,0.3774,26.5,1660149306308,1
290501328,0.3774,19921.0,1660149307141,1
290501329,0.3774,652.3,1660149308944,1
290501330,0.3775,13421.0,1660149310126,0
290501331,0.3774,5519.0,1660149311772,1
290501332,0.3775,106593.6,1660149311921,0
290501333,0.3776,528.7,1660149312175,0
290501334,0.3776,9819.7,1660149312539,0
290501335,0.3776,184.8,1660149313257,0
290501336,0.3775,1014.0,1660149314112,1
290501337,0.3775,500.0,1660149314313,1
290501338,0.3776,13421.0,1660149315255,0
290501339,0.3775,26.5,1660149317465,1
290501340,0.3775,87460.4,1660149318806,1
290501341,0.3774,37955.2,1660149318807,1
290501342,0.3775,1879.9,1660149318949,0
290501343,0.3774,6223.4,1660149318966,1
290501344,0.3774,669.0,1660149319099,1
290501345,0.3774,1416.7,1660149319277,1
290501346,0.3773,1501.8,1660149319788,1
290501347,0.3773,8686.4,1660149320103,1
290501348,0.3774,477.9,1660149321921,0
290501349,0.3774,13421.0,1660149322057,0
290501350,0.3773,6301.6,1660149322475,1
290501351,0.3773,1483.4,1660149323222,1
290501352,0.3773,809.0,1660149325519,1
290501353,0.3774,13421.0,1660149327069,0
290501354,0.3774,13030.8,1660149327215,0
290501355,0.3774,333.0,1660149328466,1
290501356,0.3774,26.5,1660149328594,1
290501357,0.3774,2394.2,1660149329360,1
290501358,0.3775,118.0,1660149330084,0
290501359,0.3775,529.2,1660149331185,0
290501360,0.3775,178706.5,1660149333188,0
290501361,0.3776,413.1,1660149334743,0
290501362,0.3775,1571.2,1660149335190,1
290501363,0.3776,239.6,1660149335745,0
290501364,0.3776,240.1,1660149336747,0
290501365,0.3775,66.3,1660149336838,1
290501366,0.3776,239.9,1660149337747,0
290501367,0.3776,240.1,1660149338781,0
290501368,0.3775,26.5,1660149339929,1
290501369,0.3776,481.6,1660149340782,0
290501370,0.3775,732.9,1660149341751,1
290501371,0.3776,241.6,1660149341821,0
290501372,0.3776,1075.7,1660149341936,0
290501373,0.3776,240.1,1660149342765,0
290501374,0.3776,522.2,1660149343369,0
290501375,0.3776,240.8,1660149343770,0
290501376,0.3776,3050.2,1660149343962,0
290501377,0.3776,240.9,1660149344770,0
290501378,0.3776,241.8,1660149345776,0
290501379,0.3776,408.8,1660149346725,0
290501380,0.3776,119.3,1660149347797,0
290501381,0.3776,2015.4,1660149349263,0
290501382,0.3775,26.5,1660149351061,1
290501383,0.3776,100.0,1660149351436,0
290501384,0.3776,554.7,1660149353826,0
290501385,0.3776,2000.0,1660149355251,0
290501386,0.3776,15710.5,1660149357719,0
290501387,0.3776,7364.8,1660149358951,0
290501388,0.3776,480.7,1660149361456,0
290501389,0.3775,35.3,1660149361767,1
290501390,0.3775,314.8,1660149362467,1
290501391,0.3775,10.0,1660149363138,1
290501392,0.3776,533.9,1660149365196,0
290501393,0.3776,31.7,1660149369980,0
290501394,0.3775,61217.8,1660149371448,1
290501395,0.3775,269.4,1660149371647,0
290501396,0.3774,1607.6,1660149372692,1
290501397,0.3774,136.8,1660149373490,1
290501398,0.3775,11628.2,1660149373760,0
290501399,0.3775,507.4,1660149375074,0
290501400,0.3775,26.4,1660149377630,0
290501401,0.3775,17953.0,1660149381540,0
290501402,0.3776,507.5,1660149385034,0
290501403,0.3776,77748.6,1660149385263,0
290501404,0.3776,31867.8,1660149388922,1
290501405,0.3776,224.4,1660149389529,1
290501406,0.3777,1063.1,1660149392167,0
290501407,0.3776,529.6,1660149393262,1
290501408,0.3777,4621.7,1660149393273,0
290501409,0.3776,264.8,1660149395866,1
290501410,0.3777,477.5,1660149395884,0
290501411,0.3777,1322.1,1660149400962,0
290501412,0.3777,42.4,1660149401116,0
290501413,0.3776,26.5,1660149401524,1
290501414,0.3777,1750.8,1660149403974,0
290501415,0.3776,1775.2,1660149405174,1
290501416,0.3777,571.9,1660149405242,0
290501417,0.3777,33.6,1660149408920,0
290501418,0.3776,2064.1,1660149409720,1
290501419,0.3776,2668.4,1660149411407,1
290501420,0.3776,26.5,1660149413554,1
290501421,0.3776,11749.6,1660149415940,1
290501422,0.3776,501.5,1660149417244,0
290501423,0.3775,266.9,1660149417721,1
290501424,0.3775,242.9,1660149420068,1
290501425,0.3775,14.3,1660149420253,1
290501426,0.3775,82430.4,1660149422249,1
290501427,0.3774,2277.5,1660149422373,1
290501428,0.3774,52.9,1660149425016,1
290501429,0.3774,116784.6,1660149425126,1
290501430,0.3773,597.8,1660149427547,1
290501431,0.3774,64887.6,1660149428094,0
290501432,0.3775,1018.9,1660149429077,0
290501433,0.3774,31940.6,1660149430697,1
290501434,0.3775,767.7,1660149430802,0
290501435,0.3774,899.4,1660149433060,1
290501436,0.3774,62642.3,1660149434910,1
290501437,0.3774,18025.8,1660149435172,1
290501438,0.3774,26.5,1660149436768,1
290501439,0.3774,12805.4,1660149438178,1
290501440,0.3774,763.2,1660149440961,0
290501441,0.3773,529.5,1660149442908,1
290501442,0.3773,3500.0,1660149443073,1
290501443,0.3774,125.2,1660149443198,0
290501444,0.3773,2324.7,1660149445023,1
290501445,0.3774,8238.7,1660149447206,0
290501446,0.3773,82515.9,1660149448132,1
290501447,0.3772,25026.5,1660149448309,1
290501448,0.3772,18.0,1660149449501,1
290501449,0.3772,259.8,1660149449680,1
290501450,0.3773,13438.6,1660149450123,0
290501451,0.3773,68.3,1660149451093,0
290501452,0.3772,493.7,1660149453638,1
290501453,0.3773,57.6,1660149453797,0
290501454,0.3772,1129.5,1660149453810,1
290501455,0.3772,293.7,1660149454665,1
290501456,0.3773,300.0,1660149455023,0
290501457,0.3772,773.6,1660149455158,1
290501458,0.3772,264.2,1660149455379,1
290501459,0.3772,52.6,1660149455511,1
290501460,0.3772,9809.1,1660149456698,1
290501461,0.3772,6932.1,1660149456829,1
290501462,0.3772,45318.6,1660149457067,1
290501463,0.3772,29885.7,1660149459087,1
290501464,0.3771,15433.0,1660149459087,1
290501465,0.3771,4544.7,1660149459220,1
290501466,0.3771,26.5,1660149459908,1
290501467,0.3772,312.7,1660149460342,0
290501468,0.3772,37944.5,1660149461134,0
290501469,0.3772,50000.0,1660149462055,1
290501470,0.3773,35328.2,1660149462055,0
290501471,0.3773,5523.6,1660149464116,0
290501472,0.3772,812.0,1660149464209,1
290501473,0.3772,37943.8,1660149465403,1
290501474,0.3771,20744.3,1660149465886,1
290501475,0.3771,13.3,1660149466227,1
290501476,0.3771,50.0,1660149466491,1
290501477,0.3772,211.6,1660149466571,0
290501478,0.3772,45258.7,1660149467632,0
290501479,0.3772,79.6,1660149467824,0
290501480,0.3772,1658.1,1660149468207,0
290501481,0.3772,566.1,1660149468349,0
290501482,0.3772,127.1,1660149468537,0
290501483,0.3771,490.2,1660149470362,1
290501484,0.3771,26.5,1660149471907,1
290501485,0.3772,106.0,1660149472304,0
290501486,0.3771,8022.9,1660149472509,1
290501487,0.3772,810.1,1660149472686,0
290501488,0.3771,7754.6,1660149472929,1
290501489,0.3771,53.0,1660149473352,1
290501490,0.3772,106.1,1660149473411,0
290501491,0.3771,5197.9,1660149474299,1
290501492,0.377,2801.6,1660149474299,1
290501493,0.3771,789.6,1660149474618,0
290501494,0.377,2731.6,1660149475106,1
290501495,0.3771,13438.6,1660149475189,0
290501496,0.3771,855.0,1660149475777,0
290501497,0.377,1055.8,1660149475967,1
290501498,0.3771,473.9,1660149476531,0
290501499,0.377,58284.5,1660149477818,1
290501500,0.3769,89172.6,1660149477888,1
290501501,0.3769,18234.2,1660149478070,1
290501502,0.3768,39395.6,1660149478070,1
290501503,0.377,2018.5,1660149478070,0
290501504,0.3768,100.0,1660149478281,1
290501505,0.3768,4204.1,1660149479068,1
290501506,0.3769,2022.5,1660149479109,0
290501507,0.3769,31598.7,1660149479232,0
290501508,0.3769,10627.9,1660149479369,0
290501509,0.3769,14731.0,1660149479534,1
290501510,0.377,1915.8,1660149479706,0
290501511,0.3769,218.6,1660149480189,1
290501512,0.377,8777.9,1660149480961,0
290501513,0.3769,153.0,1660149481826,1
290501514,0.3769,4113.4,1660149482364,1
290501515,0.377,13438.6,1660149482419,0
290501516,0.377,66269.7,1660149482526,0
290501517,0.3769,105340.8,1660149482800,1
290501518,0.3768,144659.2,1660149482800,1
290501519,0.3769,10000.0,1660149482801,1
290501520,0.3768,47421.7,1660149482801,1
290501521,0.3767,237179.0,1660149482801,1
290501522,0.3766,119488.7,1660149482805,1
290501523,0.3767,39.9,1660149482895,0
290501524,0.3768,2995.3,1660149482937,0
290501525,0.3767,6235.8,1660149482941,1
290501526,0.3768,4515.7,1660149483050,0
290501527,0.3768,13438.6,1660149483458,0
290501528,0.3767,26.5,1660149483615,1
290501529,0.3767,10.0,1660149483789,1
290501530,0.3768,290.7,1660149484280,0
290501531,0.3768,13438.6,1660149485168,0
290501532,0.3767,31.8,1660149485336,1
290501533,0.3768,25158.3,1660149485352,0
290501534,0.3767,965.2,1660149485524,1
290501535,0.3768,166.1,1660149486237,0
290501536,0.3768,84375.5,1660149486642,0
290501537,0.3769,25875.0,1660149486751,0
290501538,0.3768,530.5,1660149486758,1
290501539,0.3769,3985.9,1660149487395,0
290501540,0.3769,1658.1,1660149487532,0
290501541,0.3768,238.0,1660149487745,1
290501542,0.3769,143.7,1660149487994,0
290501543,0.3769,13438.6,1660149488374,0
290501544,0.3769,14733.1,1660149488538,0
290501545,0.377,17090.0,1660149488632,0
290501546,0.377,1915.7,1660149488806,0
290501547,0.3769,649.8,1660149491368,1
290501548,0.3769,4119.8,1660149492131,1
290501549,0.377,201.7,1660149492468,0
290501550,0.377,13438.6,1660149493340,0
290501551,0.3769,4502.1,1660149493606,1
290501552,0.377,1303.0,1660149494891,0
290501553,0.377,12790.6,1660149495487,0
290501554,0.3771,517.0,1660149495556,0
290501555,0.3771,1800.0,1660149495811,0
290501556,0.377,949.5,1660149496847,1
290501557,0.377,488.0,1660149497572,1
290501558,0.377,7694.6,1660149498797,1
290501559,0.377,26968.5,1660149501056,1
290501560,0.377,106.6,1660149502660,0
290501561,0.3769,169.4,1660149502781,1
290501562,0.3769,507.0,1660149503358,1
290501563,0.377,150.0,1660149503566,0
290501564,0.377,13438.6,1660149504069,0
290501565,0.377,32621.9,1660149504180,0
290501566,0.3769,998.7,1660149505982,1
290501567,0.3769,3288.9,1660149507587,1
290501568,0.3769,10000.0,1660149509561,1
290501569,0.377,417.8,1660149509657,0
290501570,0.377,100.0,1660149510195,0
290501571,0.3769,665.7,1660149511667,1
290501572,0.377,700.0,1660149511689,0
290501573,0.377,20004.9,1660149511843,0
290501574,0.3771,40158.4,1660149511880,0
290501575,0.3771,152.6,1660149511984,0
290501576,0.3771,96928.6,1660149513573,0
290501577,0.377,2643.7,1660149513652,1
290501578,0.377,133.8,1660149513835,1
290501579,0.3771,81.4,1660149514589,0
290501580,0.3771,3692.9,1660149521582,0
290501581,0.377,64788.3,1660149522847,1
290501582,0.377,933.6,1660149522976,1
290501583,0.3769,29696.0,1660149528321,1
290501584,0.3769,31.0,1660149528382,0
290501585,0.3768,26.5,1660149528632,1
290501586,0.3769,396.9,1660149528981,0
290501587,0.3768,600.7,1660149529906,1
290501588,0.3769,13438.6,1660149530279,0
290501589,0.3768,490.4,1660149533451,1
290501590,0.3768,9873.1,1660149536048,1
290501591,0.3769,2604.3,1660149536065,0
290501592,0.3768,157.6,1660149537062,1
290501593,0.3768,14731.1,1660149537317,1
290501594,0.3769,21375.7,1660149537948,0
290501595,0.3769,13381.2,1660149539381,1
290501596,0.3768,15.5,1660149540297,1
290501597,0.3768,26.5,1660149540601,1
290501598,0.3768,626.6,1660149543341,1
290501599,0.3768,1109.6,1660149543551,1
290501600,0.3768,539.8,1660149544500,1
290501601,0.3769,1534.2,1660149546161,0
290501602,0.3769,1800.0,1660149548531,0
290501603,0.3768,2892.8,1660149550486,1
290501604,0.3768,59308.3,1660149551245,1
290501605,0.3768,530.8,1660149551822,0
290501606,0.3767,26.5,1660149551860,1
290501607,0.3767,807.5,1660149552546,1
290501608,0.3768,132.6,1660149552638,0
290501609,0.3767,100.0,1660149552991,1
290501610,0.3767,97.2,1660149553198,1
290501611,0.3767,1345.9,1660149553678,0
290501612,0.3767,1917.1,1660149554089,0
290501613,0.3766,279.6,1660149555573,1
290501614,0.3767,1224.6,1660149556681,0
290501615,0.3767,13438.6,1660149557230,0
290501616,0.3766,15.9,1660149557473,1
290501617,0.3767,126.8,1660149557489,0
290501618,0.3766,10000.0,1660149557980,1
290501619,0.3766,6598.0,1660149558908,1
290501620,0.3766,7020.0,1660149559068,1
290501621,0.3765,33496.4,1660149559068,1
290501622,0.3765,354.4,1660149560079,1
290501623,0.3766,1215.9,1660149560644,0
290501624,0.3766,15.9,1660149560826,0
290501625,0.3765,2781.7,1660149561054,1
290501626,0.3766,13438.6,1660149561224,0
290501627,0.3765,1267.9,1660149561507,1
290501628,0.3766,8504.4,1660149561976,0
290501629,0.3765,50.0,1660149562023,1
290501630,0.3765,50.0,1660149562277,1
290501631,0.3765,53.0,1660149562628,1
290501632,0.3765,354.4,1660149562793,1
290501633,0.3765,26.5,1660149563116,1
290501634,0.3766,34333.9,1660149563409,0
290501635,0.3766,1282.9,1660149563677,0
290501636,0.3766,1039.3,1660149564634,0
290501637,0.3765,118545.9,1660149565010,1
290501638,0.3764,149229.3,1660149565010,1
290501639,0.3763,2218.7,1660149565010,1
290501640,0.3764,170633.8,1660149565042,0
290501641,0.3765,29767.0,1660149565101,0
290501642,0.3764,48779.6,1660149566051,1
290501643,0.3765,17.1,1660149566052,0
290501644,0.3765,141.3,1660149566286,0
290501645,0.3765,1109.6,1660149566562,0
290501646,0.3765,39725.0,1660149566676,0
290501647,0.3765,26916.6,1660149567607,0
290501648,0.3766,1126.1,1660149567662,0
290501649,0.3765,2403.6,1660149568405,1
290501650,0.3766,669.1,1660149568494,0
290501651,0.3766,1238.6,1660149569711,0
290501652,0.3766,3200.0,1660149569828,0
290501653,0.3765,1192.2,1660149570015,1
290501654,0.3766,1263.1,1660149570657,0
290501655,0.3765,216.2,1660149570989,1
290501656,0.3766,2948.9,1660149571292,0
290501657,0.3766,503.9,1660149571788,1
290501658,0.3766,15000.0,1660149572729,1
290501659,0.3766,7813.7,1660149573617,1
290501660,0.3767,1210.0,1660149573718,0
290501661,0.3767,13438.6,1660149574246,0
290501662,0.3766,6901.5,1660149574382,1
290501663,0.3767,1261.4,1660149574648,0
290501664,0.3767,1145.7,1660149575722,0
290501665,0.3766,13634.5,1660149577208,1
290501666,0.3766,10000.0,1660149577507,0
290501667,0.3766,257.5,1660149578423,0
290501668,0.3766,1417.8,1660149579648,0
290501669,0.3766,54.5,1660149580091,0
290501670,0.3766,3476.4,1660149580716,1
290501671,0.3766,366.5,1660149581786,1
290501672,0.3767,1067.9,1660149582676,0
290501673,0.3766,1073.8,1660149586611,1
290501674,0.3767,1012.2,1660149586738,0
290501675,0.3767,4137.6,1660149587180,0
290501676,0.3767,791.9,1660149587349,0
290501677,0.3767,104546.7,1660149587902,1
290501678,0.3767,10080.7,1660149588048,1
290501679,0.3767,1111.5,1660149589820,0
290501680,0.3767,18936.1,1660149591611,0
290501681,0.3767,38.0,1660149592663,0
290501682,0.3767,1001.7,1660149593664,0
290501683,0.3767,1250.6,1660149594621,0
290501684,0.3766,200.0,1660149597095,1
290501685,0.3767,2654.6,1660149597840,0
290501686,0.3767,1435.6,1660149598652,0
290501687,0.3767,415.9,1660149599685,0
290501688,0.3767,2966.1,1660149600874,0
290501689,0.3767,622.3,1660149601162,1
290501690,0.3767,906.8,1660149601341,1
290501691,0.3768,117859.8,1660149601625,0
290501692,0.3767,1357.9,1660149602208,1
290501693,0.3768,220.8,1660149602612,0
290501694,0.3767,14000.0,1660149602642,1
290501695,0.3768,127.0,1660149604080,0
290501696,0.3767,227.5,1660149604524,1
290501697,0.3767,10.0,1660149604658,1
290501698,0.3768,211.6,1660149605162,0
290501699,0.3768,23585.0,1660149607724,0
290501700,0.3769,13269.6,1660149608716,0
290501701,0.3769,415.6,1660149608901,0
290501702,0.3769,755.8,1660149609788,0
290501703,0.3769,2791.8,1660149609892,0
290501704,0.3769,491.8,1660149611319,0
290501705,0.3768,76.9,1660149611492,1
290501706,0.3768,162.2,1660149611651,1
290501707,0.3768,29.8,1660149612823,1
290501708,0.3769,140.0,1660149612894,0
290501709,0.3768,7404.8,1660149612910,1
290501710,0.3768,1720.0,1660149616794,1
290501711,0.3768,26.5,1660149618147,1
290501712,0.3768,51322.0,1660149618342,1
290501713,0.3768,45.9,1660149618966,0
290501714,0.3767,26479.3,1660149619182,1
290501715,0.3767,7129.8,1660149620581,1
290501716,0.3768,499.2,1660149621369,0
290501717,0.3767,13269.6,1660149623975,1
290501718,0.3767,92.7,1660149624862,1
290501719,0.3768,30.0,1660149626580,0
290501720,0.3768,94.4,1660149627919,0
290501721,0.3767,26.5,1660149629244,1
290501722,0.3767,40.0,1660149629598,1
290501723,0.3768,535.8,1660149631322,0
290501724,0.3767,2865.0,1660149632560,1
290501725,0.3768,1407.9,1660149632636,0
290501726,0.3767,1544.6,1660149634661,1
290501727,0.3767,300.0,1660149635995,1
290501728,0.3767,6471.2,1660149639958,1
290501729,0.3766,18614.2,1660149640043,1
290501730,0.3767,36334.3,1660149640379,0
290501731,0.3767,26.5,1660149640469,1
290501732,0.3768,6666.7,1660149640706,0
290501733,0.3768,495.0,1660149641962,0
290501734,0.3767,1325.9,1660149645063,1
290501735,0.3767,1.1,1660149645164,1
290501736,0.3767,4426.9,1660149645338,1
290501737,0.3766,106804.1,1660149646203,1
290501738,0.3765,560.6,1660149649571,1
290501739,0.3765,26.5,1660149651358,1
290501740,0.3765,22070.5,1660149652244,1
290501741,0.3765,6916.7,1660149652358,1
290501742,0.3765,7948.0,1660149652707,0
290501743,0.3765,6605.5,1660149652968,0
290501744,0.3765,600.0,1660149654769,0
290501745,0.3764,27555.8,1660149654889,1
290501746,0.3764,2805.6,1660149655409,1
290501747,0.3765,47.6,1660149655575,0
290501748,0.3765,22183.0,1660149656445,0
290501749,0.3765,4011.4,1660149657208,1
290501750,0.3766,26546.3,1660149658511,0
290501751,0.3765,26.5,1660149658691,1
290501752,0.3765,106.2,1660149658815,1
290501753,0.3765,106.2,1660149659578,1
290501754,0.3766,2633.8,1660149659628,0
290501755,0.3765,53.1,1660149659721,1
290501756,0.3765,14.5,1660149660215,1
290501757,0.3765,26.5,1660149660780,1
290501758,0.3766,3165.5,1660149661169,0
290501759,0.3765,2895.8,1660149661496,1
290501760,0.3765,2395.6,1660149661683,1
290501761,0.3766,90.0,1660149661794,0
290501762,0.3765,39.0,1660149662050,1
290501763,0.3766,2487.2,1660149663397,0
290501764,0.3766,49.7,1660149664093,0
290501765,0.3766,10178.3,1660149664212,0
290501766,0.3766,450.7,1660149664369,1
290501767,0.3767,96.9,1660149664409,0
290501768,0.3767,326.8,1660149664593,0
290501769,0.3766,200.0,1660149664717,1
290501770,0.3767,4228.0,1660149666700,0
290501771,0.3766,17693.9,1660149667541,1
290501772,0.3767,60.0,1660149667666,0
290501773,0.3766,130.9,1660149667943,1
290501774,0.3766,22119.9,1660149668803,1
290501775,0.3766,318.0,1660149669418,0
290501776,0.3766,540.5,1660149669801,0
290501777,0.3766,540.5,1660149669912,0
290501778,0.3766,49671.2,1660149671329,0
290501779,0.3765,190.8,1660149671621,1
290501780,0.3766,7575.5,1660149671626,0
290501781,0.3765,805.5,1660149673369,1
290501782,0.3766,28095.9,1660149673699,0
290501783,0.3766,57152.8,1660149675318,1
290501784,0.3765,112801.8,1660149675319,1
290501785,0.3764,103263.7,1660149675319,1
290501786,0.3763,231566.6,1660149675321,1
290501787,0.3762,155368.2,1660149675326,1
290501788,0.3764,13490.7,1660149675337,0
290501789,0.3763,2491.3,1660149676067,1
290501790,0.3764,85.3,1660149676334,0
290501791,0.3763,27.8,1660149676706,1
290501792,0.3763,53.1,1660149677730,1
290501793,0.3764,30856.0,1660149677827,0
290501794,0.3765,331.8,1660149677901,0
290501795,0.3764,4849.8,1660149678081,1
290501796,0.3764,5505.0,1660149678591,1
290501797,0.3764,89.1,1660149679340,0
290501798,0.3763,680.6,1660149679806,1
290501799,0.3764,165.4,1660149680144,0
290501800,0.3764,1350.0,1660149680408,0
290501801,0.3763,187.0,1660149680694,1
290501802,0.3763,168.5,1660149680816,1
290501803,0.3763,17.5,1660149680917,1
290501804,0.3763,22.9,1660149681038,1
290501805,0.3763,0.1,1660149681161,1
290501806,0.3764,81.0,1660149681161,0
290501807,0.3763,0.2,1660149681165,1
290501808,0.3763,27.7,1660149681521,1
290501809,0.3763,29.7,1660149681716,1
290501810,0.3763,11.4,1660149681832,1
290501811,0.3763,18.6,1660149681933,1
290501812,0.3763,2247.9,1660149682045,1
290501813,0.3763,256.8,1660149682227,0
290501814,0.3763,61.9,1660149683335,0
290501815,0.3762,83688.8,1660149683658,1
290501816,0.3761,65985.0,1660149683658,1
290501817,0.376,277848.0,1660149683659,1
290501818,0.3759,81987.9,1660149683659,1
290501819,0.3761,13399.0,1660149683681,0
290501820,0.3761,2275.0,1660149684052,0
290501821,0.376,7890.4,1660149684115,1
290501822,0.3761,1646.4,1660149684115,0
290501823,0.3761,84.7,1660149684255,0
290501824,0.3761,1842.2,1660149684430,0
290501825,0.3761,724.8,1660149685187,0
290501826,0.376,14445.1,1660149686086,1
290501827,0.3761,76961.1,1660149686087,0
290501828,0.3762,80.8,1660149687226,0
290501829,0.3762,633.6,1660149688485,0
290501830,0.3761,26.6,1660149688677,1
290501831,0.3761,34117.2,1660149688785,1
290501832,0.376,102887.4,1660149688785,1
290501833,0.3759,65249.6,1660149688785,1
290501834,0.3758,157847.3,1660149688786,1
290501835,0.3757,139898.5,1660149688786,1
290501836,0.3758,8000.0,1660149688814,1
290501837,0.3759,11897.9,1660149688817,0
290501838,0.3758,22305.2,1660149688837,1
290501839,0.3759,109732.0,1660149688840,0
290501840,0.3758,404.0,1660149688887,1
290501841,0.3759,37555.6,1660149688887,0
290501842,0.3759,1396.7,1660149689041,1
290501843,0.376,13381.5,1660149689052,0
290501844,0.3759,26525.1,1660149689057,1
290501845,0.376,9398.1,1660149689057,0
290501846,0.3759,236.2,1660149689080,0
290501847,0.3758,5520.0,1660149689201,1
290501848,0.3759,1835.5,1660149689212,0
290501849,0.3758,29108.7,1660149689226,1
290501850,0.3757,17181.2,1660149689226,1
290501851,0.3758,2391.7,1660149689257,1
290501852,0.3759,273.3,1660149689345,0
290501853,0.3759,59842.9,1660149689549,0
290501854,0.376,1424.3,1660149689765,0
290501855,0.3759,79431.2,1660149690102,1
290501856,0.3758,58342.7,1660149690102,1
290501857,0.3757,45182.5,1660149690102,1
290501858,0.376,18.4,1660149690102,0
290501859,0.3759,11645.9,1660149690136,1
290501860,0.3759,138.1,1660149690232,0
290501861,0.3759,92.5,1660149690535,0
290501862,0.3759,3977.5,1660149690669,0
290501863,0.3759,42.5,1660149690943,0
290501864,0.3759,13381.5,1660149691183,0
290501865,0.3758,14.0,1660149691727,1
290501866,0.3759,107013.4,1660149691775,0
290501867,0.376,1213.1,1660149692989,0
290501868,0.376,8788.1,1660149693587,0
290501869,0.376,2098.5,1660149693694,0
290501870,0.376,22004.8,1660149694173,0
290501871,0.3761,665.0,1660149694260,0
290501872,0.3761,164.7,1660149694950,0
290501873,0.376,92.5,1660149695685,1
290501874,0.3761,13381.5,1660149696110,0
290501875,0.376,6648.9,1660149696566,1
290501876,0.376,84.3,1660149696849,1
290501877,0.3761,0.1,1660149697820,0
290501878,0.376,2917.2,1660149697934,1
290501879,0.376,922.5,1660149698898,1
290501880,0.3761,14784.9,1660149699194,0
290501881,0.3761,12256.2,1660149699408,0
290501882,0.3762,7585.0,1660149699408,0
290501883,0.3762,8650.5,1660149702061,0
290501884,0.3763,13381.5,1660149704257,0
290501885,0.3762,9376.7,1660149705346,1
290501886,0.3762,44124.7,1660149708548,1
290501887,0.3762,93630.6,1660149710398,0
290501888,0.3763,6369.4,1660149710398,0
290501889,0.3763,1828.3,1660149711474,0
290501890,0.3763,1306.0,1660149715318,0
290501891,0.3763,105.3,1660149716018,1
290501892,0.3763,24592.8,1660149716486,1
290501893,0.3764,50.0,1660149716905,0
290501894,0.3764,233.1,1660149717617,0
290501895,0.3763,295.6,1660149717882,1
290501896,0.3764,108.1,1660149719678,0
290501897,0.3763,2530.3,1660149719876,1
290501898,0.3764,108.1,1660149720390,0
290501899,0.3764,212.7,1660149720538,0
290501900,0.3763,54.7,1660149721608,1
290501901,0.3764,265.2,1660149722305,0
290501902,0.3763,10.0,1660149722915,1
290501903,0.3764,2486.6,1660149723644,0
290501904,0.3763,433.2,1660149725963,1
290501905,0.3764,101.9,1660149726770,0
290501906,0.3763,215.2,1660149727677,1
290501907,0.3763,2752.2,1660149728566,1
290501908,0.3764,108.1,1660149729373,0
290501909,0.3764,108.1,1660149729563,0
290501910,0.3763,26.5,1660149729687,1
290501911,0.3764,216.2,1660149729746,0
290501912,0.3763,26.6,1660149731776,1
290501913,0.3763,70472.4,1660149733150,1
290501914,0.3762,165.4,1660149734813,1
290501915,0.3762,3982.1,1660149735752,1
290501916,0.3762,6803.3,1660149736141,1
290501917,0.3762,313.6,1660149736393,1
290501918,0.3762,4249.0,1660149737973,1
290501919,0.3762,7673.5,1660149739838,1
290501920,0.3763,108.1,1660149741024,0
290501921,0.3763,64305.0,1660149742250,0
290501922,0.3763,44347.6,1660149742363,0
290501923,0.3763,8143.4,1660149743575,1
290501924,0.3763,151.0,1660149744074,1
290501925,0.3763,52352.0,1660149744701,1
290501926,0.3762,26.6,1660149746435,1
290501927,0.3762,28811.2,1660149748493,1
290501928,0.3762,2682.4,1660149749396,0
290501929,0.3761,3828.2,1660149750766,1
290501930,0.3762,17693.9,1660149751906,0
290501931,0.3761,14.0,1660149752092,1
290501932,0.3762,2126.5,1660149752404,0
290501933,0.3762,367.4,1660149755286,0
290501934,0.3762,2658.1,1660149758389,0
290501935,0.3761,661.5,1660149759783,1
290501936,0.3761,26.6,1660149761122,1
290501937,0.3761,1007.9,1660149763423,1
290501938,0.3762,34.7,1660149764547,0
290501939,0.3762,108802.1,1660149765274,0
290501940,0.3762,31.6,1660149766552,1
290501941,0.3762,482.9,1660149767798,1
290501942,0.3762,44184.8,1660149768786,1
290501943,0.3761,9719.2,1660149769507,1
290501944,0.3761,66.4,1660149769660,0
290501945,0.376,30.0,1660149769977,1
290501946,0.3761,1000.0,1660149771858,0
290501947,0.3761,135.2,1660149772626,0
290501948,0.3761,2505.1,1660149773753,0
290501949,0.376,20248.8,1660149773802,1
290501950,0.3761,6070.0,1660149774154,0
290501951,0.376,26.6,1660149775610,1
290501952,0.376,1525.5,1660149777691,1
290501953,0.376,21.5,1660149780272,1
290501954,0.376,37.3,1660149781236,1
290501955,0.376,37.3,1660149783394,1
290501956,0.376,41323.7,1660149786064,1
290501957,0.3759,24033.6,1660149786064,1
290501958,0.376,1820.0,1660149786456,0
290501959,0.376,21344.1,1660149787589,0
290501960,0.376,4997.8,1660149788095,0
290501961,0.376,21.3,1660149789193,0
290501962,0.376,26.6,1660149790137,1
290501963,0.376,10713.6,1660149790617,1
290501964,0.3761,11904.7,1660149790773,0
290501965,0.3761,64755.2,1660149791270,0
290501966,0.3761,508.6,1660149791396,0
290501967,0.3762,11959.6,1660149791396,0
290501968,0.3761,18.0,1660149791509,1
290501969,0.3762,76.7,1660149791638,0
290501970,0.3761,184.3,1660149792998,1
290501971,0.3761,0.7,1660149793099,1
290501972,0.3762,18.7,1660149795278,0
290501973,0.3761,550.6,1660149795375,1
290501974,0.3761,4662.5,1660149796185,1
290501975,0.3762,2658.8,1660149800297,0
290501976,0.3762,114.2,1660149800754,0
290501977,0.3761,940.8,1660149801681,1
290501978,0.3761,14746.6,1660149802176,1
290501979,0.3761,206.4,1660149803261,1
290501980,0.3761,66.8,1660149803866,1
290501981,0.3761,26.6,1660149804897,1
290501982,0.3761,2822.1,1660149806134,1
290501983,0.3761,516.4,1660149807588,1
290501984,0.3761,2000.0,1660149811245,1
290501985,0.3761,7.8,1660149811786,1
290501986,0.3762,792.6,1660149812030,0
290501987,0.3761,256.6,1660149812709,1
290501988,0.3761,16395.9,1660149814411,1
290501989,0.376,207.6,1660149814856,1
290501990,0.3761,13796.6,1660149815369,0
290501991,0.3762,2660.2,1660149815512,0
290501992,0.3761,2005.7,1660149816209,1
290501993,0.3762,62.5,1660149817189,0
290501994,0.3762,3542.5,1660149818160,0
290501995,0.3762,3284.6,1660149819263,1
290501996,0.3762,1631.4,1660149820450,1
290501997,0.3763,97063.6,1660149821022,0
290501998,0.3762,22264.8,1660149821068,1
290501999,0.3762,533.3,1660149821214,1
290502000,0.3761,10000.0,1660149822566,1
290502001,0.3762,1645.9,1660149822906,0
290502002,0.3761,15100.2,1660149823684,1
290502003,0.376,18683.1,1660149823684,1
290502004,0.376,3874.5,1660149824452,1
290502005,0.3761,19273.7,1660149824764,0
290502006,0.3762,1553.7,1660149824808,0
290502007,0.3761,345.4,1660149826642,1
290502008,0.3761,25835.6,1660149827519,1
290502009,0.3761,11107.3,1660149828357,1
290502010,0.3761,68.9,1660149829272,1
290502011,0.3762,500.0,1660149831346,0
290502012,0.3761,884.0,1660149831995,1
290502013,0.3761,1929.2,1660149834626,1
290502014,0.3761,165.7,1660149835641,1
290502015,0.3762,1362.2,1660149835965,0
290502016,0.3761,5570.2,1660149836347,1
290502017,0.376,1500.0,1660149836418,1
290502018,0.376,423.6,1660149837946,1
290502019,0.3761,108.9,1660149838365,0
290502020,0.376,196.9,1660149838562,1
290502021,0.3761,1288.8,1660149842425,0
290502022,0.3761,32820.4,1660149842742,0
290502023,0.3761,10.0,1660149843716,1
290502024,0.3761,75.6,1660149843843,1
290502025,0.3761,505.9,1660149844389,1
290502026,0.3762,27843.9,1660149844433,0
290502027,0.3763,3054.0,1660149845999,0
290502028,0.3763,50.0,1660149847048,0
290502029,0.3763,50.0,1660149847599,0
290502030,0.3762,137.1,1660149847671,1
290502031,0.3762,4224.0,1660149848044,1
290502032,0.3763,50.0,1660149848332,0
290502033,0.3762,28.4,1660149852585,1
290502034,0.3762,2584.3,1660149855590,1
290502035,0.3762,1379.0,1660149856303,1
290502036,0.3762,2045.7,1660149856689,1
290502037,0.3762,103.7,1660149858653,1
290502038,0.3762,26.6,1660149861008,1
290502039,0.3763,2045.7,1660149862756,0
290502040,0.3763,651.2,1660149863740,0
290502041,0.3762,541.6,1660149866200,1
290502042,0.3763,158.6,1660149866302,0
290502043,0.3762,54496.1,1660149866902,1
290502044,0.3762,1964.5,1660149872373,0
290502045,0.3762,159.4,1660149872499,0
290502046,0.3762,30165.4,1660149872772,0
290502047,0.3762,44.5,1660149873678,1
290502048,0.3762,26.6,1660149875770,1
290502049,0.3762,1016.0,1660149876311,1
290502050,0.3762,681.0,1660149880016,1
290502051,0.3762,13.3,1660149885926,1
290502052,0.3763,378.4,1660149888567,0
290502053,0.3762,16527.8,1660149889015,1
290502054,0.3761,26.6,1660149890259,1
290502055,0.3762,3409.7,1660149891555,0
290502056,0.3762,83.4,1660149893365,0
290502057,0.3761,1362.2,1660149893501,1
290502058,0.3762,32.0,1660149893949,0
290502059,0.3762,21.3,1660149894988,0
290502060,0.3761,100.0,1660149896465,1
290502061,0.3761,620.2,1660149898673,1
290502062,0.3762,1401.4,1660149899043,0
290502063,0.3761,1478.0,1660149899684,1
290502064,0.3761,13.4,1660149900157,1
290502065,0.3761,2303.7,1660149900518,1
290502066,0.3761,126.2,1660149900640,1
290502067,0.3762,13.3,1660149902825,0
290502068,0.3762,633.4,1660149903186,0
290502069,0.3761,26.6,1660149904224,1
290502070,0.3761,5316.3,1660149904852,1
290502071,0.3762,2353.3,1660149905464,0
290502072,0.3762,1090.0,1660149905613,0
290502073,0.3762,50.0,1660149906136,0
290502074,0.3762,12950.0,1660149906414,0
290502075,0.3762,1386.0,1660149907241,1
290502076,0.3763,265.8,1660149907512,0
290502077,0.3762,92.9,1660149907969,1
290502078,0.3763,116.0,1660149908206,0
290502079,0.3762,291.6,1660149908331,1
290502080,0.3763,117835.2,1660149909090,0
290502081,0.3762,65.6,1660149910046,1
290502082,0.3763,215.2,1660149911677,0
290502083,0.3763,22.0,1660149915257,0
290502084,0.3762,13.5,1660149915641,1
290502085,0.3763,39.1,1660149918640,0
290502086,0.3762,200.0,1660149919998,1
290502087,0.3763,4010.3,1660149923611,0
290502088,0.3763,1373.9,1660149926125,0
290502089,0.3762,196.1,1660149926520,1
290502090,0.3763,39.1,1660149928182,0
290502091,0.3763,570.2,1660149929430,0
290502092,0.3763,39.1,1660149930333,0
290502093,0.3762,26.6,1660149931687,1
290502094,0.3763,1000.0,1660149934393,0
290502095,0.3762,1581.1,1660149934809,1
290502096,0.3763,212.6,1660149937313,0
290502097,0.3763,509.2,1660149939727,0
290502098,0.3763,4272.6,1660149944003,0
290502099,0.3762,26.6,1660149945441,1
290502100,0.3763,51.3,1660149949161,0
290502101,0.3763,570.7,1660149949709,0
290502102,0.3762,132050.9,1660149949872,1
290502103,0.3762,300.0,1660149950081,1
290502104,0.3762,780.6,1660149952244,1
290502105,0.3763,468.9,1660149954047,0
290502106,0.3763,520.9,1660149955234,0
290502107,0.3762,536.8,1660149958137,1
290502108,0.3762,38.1,1660149959071,1
290502109,0.3762,1270.8,1660149959610,1
290502110,0.3762,710.4,1660149959842,1
290502111,0.3763,483.5,1660149959897,0
290502112,0.3763,313.0,1660149960690,0
290502113,0.3763,512.6,1660149961072,0
290502114,0.3762,2722.3,1660149962752,1
290502115,0.3763,500.0,1660149962902,0
290502116,0.3762,10.0,1660149963779,1
290502117,0.3762,1028.6,1660149964972,1
290502118,0.3762,265.8,1660149966328,1
290502119,0.3763,59.5,1660149967148,0
290502120,0.3763,2657.4,1660149969391,0
290502121,0.3763,522.2,1660149970883,0
290502122,0.3762,54.5,1660149971517,1
290502123,0.3762,40.0,1660149972873,1
290502124,0.3763,571.3,1660149973386,0
290502125,0.3763,492.1,1660149974322,0
290502126,0.3763,13291.6,1660149974431,0
290502127,0.3763,9945.5,1660149974610,0
290502128,0.3763,252.2,1660149974700,1
290502129,0.3764,538.2,1660149975748,0
290502130,0.3764,26.6,1660149977418,0
290502131,0.3764,3217.1,1660149978457,0
290502132,0.3764,11.9,1660149978790,0
290502133,0.3764,53.1,1660149980207,0
290502134,0.3764,636.6,1660149980808,0
290502135,0.3764,116.3,1660149981815,0
290502136,0.3764,581.1,1660149981954,0
290502137,0.3763,18185.2,1660149982299,1
290502138,0.3764,509.4,1660149984315,0
290502139,0.3764,8505.2,1660149984462,0
290502140,0.3764,480.1,1660149985335,0
290502141,0.3763,1699.3,1660149985499,1
290502142,0.3763,46971.5,1660149985797,1
290502143,0.3763,4087.4,1660149986189,0
290502144,0.3762,1583.6,1660149988435,1
290502145,0.3762,175.4,1660149989735,1
290502146,0.3763,1329.5,1660149990735,0
290502147,0.3763,546.5,1660149992351,0
290502148,0.3762,163.9,1660149992369,1
290502149,0.3762,26.6,1660149999986,1
290502150,0.3763,10000.0,1660150000646,0
290502151,0.3763,35514.6,1660150001360,0
290502152,0.3764,480.7,1660150002758,0
290502153,0.3763,2000.0,1660150003451,1
290502154,0.3764,14.0,1660150004980,0
290502155,0.3764,21.3,1660150007136,0
290502156,0.3763,182.1,1660150008433,1
290502157,0.3764,1525.5,1660150008831,0
290502158,0.3764,116.3,1660150009964,0
290502159,0.3764,17.2,1660150013520,0
290502160,0.3764,578.6,1660150013854,0
290502161,0.3764,646.0,1660150014168,0
290502162,0.3763,352.3,1660150014359,1
290502163,0.3764,20000.0,1660150014575,0
290502164,0.3764,1239.4,1660150014741,0
290502165,0.3764,189.7,1660150015148,0
290502166,0.3763,40.6,1660150015633,1
290502167,0.3764,1779.5,1660150017020,0
290502168,0.3764,327.9,1660150018042,0
290502169,0.3764,701.5,1660150018226,0
290502170,0.3764,1200.0,1660150019285,0
290502171,0.3764,1466.2,1660150020807,0
290502172,0.3764,1816.2,1660150020928,0
290502173,0.3764,1505.0,1660150021382,0
290502174,0.3763,1219.7,1660150021826,1
290502175,0.3764,23.9,1660150022179,0
290502176,0.3764,26.5,1660150022370,0
290502177,0.3764,541.8,1660150023416,0
290502178,0.3763,108.6,1660150024301,1
290502179,0.3764,2656.7,1660150024510,0
290502180,0.3764,10000.0,1660150026888,0
290502181,0.3763,11377.5,1660150027215,1
290502182,0.3764,351.1,1660150028919,0
290502183,0.3763,43026.7,1660150029944,1
290502184,0.3762,17304.5,1660150031510,1
290502185,0.3762,0.1,1660150031569,0
290502186,0.3762,51264.1,1660150035734,0
290502187,0.3763,252.9,1660150036080,0
290502188,0.3763,87.7,1660150037798,0
290502189,0.3763,50.6,1660150038869,0
290502190,0.3762,939.2,1660150041949,1
290502191,0.3763,68.3,1660150042280,0
290502192,0.3763,68.3,1660150042917,0
290502193,0.3762,95.4,1660150043268,1
290502194,0.3763,120812.5,1660150043778,0
290502195,0.3764,12024.9,1660150043778,0
290502196,0.3763,252.9,1660150044074,1
290502197,0.3763,26.6,1660150048450,1
290502198,0.3764,1564.3,1660150053238,0
290502199,0.3763,158.0,1660150057163,1
290502200,0.3764,4239.9,1660150060458,0
290502201,0.3764,2232.4,1660150060898,0
290502202,0.3763,43090.7,1660150062106,1
290502203,0.3762,26.6,1660150064838,1
290502204,0.3763,223.2,1660150066234,0
290502205,0.3762,36620.7,1660150067947,1
290502206,0.3762,82.8,1660150068121,0
290502207,0.3762,1503.0,1660150068290,0
290502208,0.3762,36835.4,1660150068810,0
290502209,0.3763,23773.7,1660150068811,0
290502210,0.3763,3690.2,1660150071152,0
290502211,0.3762,82.8,1660150072596,1
290502212,0.3762,20020.3,1660150074252,1
290502213,0.3763,26.5,1660150074589,0
290502214,0.3763,39.6,1660150075636,0
290502215,0.3762,175.5,1660150076815,1
290502216,0.3762,27.9,1660150077065,1
290502217,0.3763,124.7,1660150078766,0
290502218,0.3762,26.6,1660150081227,1
290502219,0.3762,197.6,1660150082991,1
290502220,0.3762,38.8,1660150083615,1
290502221,0.3762,10.0,1660150083865,1
290502222,0.3763,2428.4,1660150084492,0
290502223,0.3762,78.6,1660150085374,1
290502224,0.3763,395.2,1660150085522,0
290502225,0.3763,515.7,1660150087129,0
290502226,0.3762,1282.1,1660150087661,1
290502227,0.3763,66.5,1660150088045,0
290502228,0.3763,255.2,1660150088150,0
290502229,0.3762,22.1,1660150088306,1
290502230,0.3762,20.6,1660150089855,1
290502231,0.3762,1279.4,1660150093172,1
290502232,0.3763,4389.3,1660150093706,0
290502233,0.3762,71.6,1660150095292,1
290502234,0.3763,14.2,1660150097624,0
290502235,0.3762,26.6,1660150098062,1
290502236,0.3763,7674.9,1660150099512,0
290502237,0.3763,31.8,1660150100603,0
290502238,0.3762,178.5,1660150101424,1
290502239,0.3762,99.0,1660150101600,1
290502240,0.3763,159.1,1660150103545,0
290502241,0.3763,167.0,1660150103758,0
290502242,0.3763,17115.9,1660150104398,0
290502243,0.3762,51397.2,1660150104740,1
290502244,0.3762,5763.9,1660150106158,0
290502245,0.3762,97.1,1660150110907,1
290502246,0.3763,321.2,1660150111669,0
290502247,0.3762,186.5,1660150111697,1
290502248,0.3762,500.0,1660150112494,1
290502249,0.3762,89.8,1660150114379,1
290502250,0.3762,22.4,1660150115010,1
290502251,0.3763,300.0,1660150115947,0
290502252,0.3763,199.3,1660150120316,0
290502253,0.3762,33.0,1660150120506,1
290502254,0.3762,56.0,1660150121629,1
290502255,0.3763,13915.8,1660150121958,0
290502256,0.3763,15229.6,1660150122357,1
290502257,0.3763,675.4,1660150123128,1
290502258,0.3763,62.9,1660150124283,1
290502259,0.3763,83.2,1660150125068,1
290502260,0.3763,154.1,1660150128116,1
290502261,0.3764,261.5,1660150135319,0
290502262,0.3764,453.1,1660150138495,0
290502263,0.3764,1830.6,1660150139102,0
290502264,0.3763,1088.4,1660150139667,1
290502265,0.3763,39530.4,1660150140282,1
290502266,0.3762,5765.6,1660150140853,1
290502267,0.3763,247.4,1660150142177,0
290502268,0.3763,136.8,1660150142924,0
290502269,0.3763,5986.3,1660150143562,0
290502270,0.3762,6372.7,1660150143884,1
290502271,0.3763,392.6,1660150144033,0
290502272,0.3762,26.6,1660150146186,1
290502273,0.3762,129.5,1660150146511,1
290502274,0.3762,460.8,1660150147221,1
290502275,0.3762,239.6,1660150147403,1
290502276,0.3763,526.5,1660150147881,0
290502277,0.3762,19.5,1660150148343,1
290502278,0.3763,185.3,1660150148527,0
290502279,0.3762,112.7,1660150150666,1
290502280,0.3762,12189.4,1660150151142,1
290502281,0.3763,48742.4,1660150151870,0
290502282,0.3763,792.1,1660150153445,0
290502283,0.3763,31.9,1660150156631,0
290502284,0.3762,50.0,1660150156970,1
290502285,0.3763,322.8,1660150160018,0
290502286,0.3762,1558.6,1660150160388,1
290502287,0.3763,937.9,1660150160952,0
290502288,0.3764,1329.5,1660150161537,0
290502289,0.3764,39.8,1660150162052,0
290502290,0.3763,26.6,1660150162305,1
290502291,0.3763,500.0,1660150162508,1
290502292,0.3764,42157.0,1660150163272,0
290502293,0.3764,664.1,1660150165192,1
290502294,0.3764,1214.7,1660150165758,1
290502295,0.3764,1064.7,1660150168722,1
290502296,0.3764,568.6,1660150171678,1
290502297,0.3765,132.2,1660150172378,0
290502298,0.3765,24147.4,1660150173063,0
290502299,0.3764,1000.0,1660150173063,1
290502300,0.3765,1512.6,1660150176889,0
290502301,0.3764,257.0,1660150178144,1
290502302,0.3764,164.9,1660150179219,1
290502303,0.3764,390.5,1660150182364,1
290502304,0.3765,391.0,1660150183474,0
290502305,0.3765,487.6,1660150184075,0
290502306,0.3764,2118.5,1660150188003,1
290502307,0.3764,191.1,1660150193377,1
290502308,0.3764,26.6,1660150194475,1
290502309,0.3765,9589.2,1660150195046,0
290502310,0.3765,100.0,1660150195300,1
290502311,0.3765,22158.7,1660150197688,1
290502312,0.3765,4338.1,1660150198502,1
290502313,0.3766,39267.5,1660150201817,0
290502314,0.3766,3285.3,1660150202065,0
290502315,0.3765,10.0,1660150204244,1
290502316,0.3766,9294.2,1660150207385,0
290502317,0.3765,85.5,1660150208489,1
290502318,0.3765,36112.5,1660150208810,1
290502319,0.3766,25000.0,1660150208830,0
290502320,0.3765,495.7,1660150211561,0
290502321,0.3764,10.0,1660150213087,1
290502322,0.3765,1363.4,1660150216325,0
290502323,0.3765,11375.0,1660150216569,0
290502324,0.3764,157.5,1660150216831,1
290502325,0.3765,2444.5,1660150217314,0
290502326,0.3765,1178.1,1660150218059,0
290502327,0.3765,174.6,1660150222022,0
290502328,0.3765,511.0,1660150222357,0
290502329,0.3765,171.3,1660150223583,0
290502330,0.3764,26.6,1660150225900,1
290502331,0.3765,197.7,1660150226818,0
290502332,0.3764,2997.7,1660150228241,1
290502333,0.3764,24538.7,1660150229074,1
290502334,0.3763,1593.7,1660150229798,1
290502335,0.3763,2003.3,1660150230174,1
290502336,0.3764,537.0,1660150232863,0
290502337,0.3763,2678.8,1660150236391,1
290502338,0.3764,13.5,1660150237956,0
290502339,0.3764,169.0,1660150239256,0
290502340,0.3763,26.6,1660150241846,1
290502341,0.3764,397.5,1660150242661,0
290502342,0.3764,483.8,1660150242842,0
290502343,0.3763,96945.5,1660150244200,1
290502344,0.3764,389.7,1660150246369,0
290502345,0.3763,500.0,1660150246713,1
290502346,0.3763,373.1,1660150248059,1
290502347,0.3763,2477.1,1660150251344,1
290502348,0.3763,93.0,1660150252375,1
290502349,0.3764,569.3,1660150252763,0
290502350,0.3764,318.7,1660150253136,0
290502351,0.3764,26.5,1660150256071,0
290502352,0.3763,382.9,1660150256850,1
290502353,0.3763,29.2,1660150257237,1
290502354,0.3764,239.3,1660150258560,0
290502355,0.3764,55805.9,1660150258763,0
290502356,0.3764,2785.8,1660150259576,0
290502357,0.3763,590.1,1660150260808,1
290502358,0.3764,18992.8,1660150260875,0
290502359,0.3764,1226.0,1660150261331,1
290502360,0.3765,529.6,1660150262305,0
290502361,0.3765,566.2,1660150264335,0
290502362,0.3764,1491.6,1660150264342,1
290502363,0.3764,137.4,1660150270859,1
290502364,0.3765,5306.2,1660150271538,0
290502365,0.3765,509.8,1660150274224,0
290502366,0.3764,39389.0,1660150279320,1
290502367,0.3765,643.8,1660150280182,0
290502368,0.3764,100.0,1660150281672,1
290502369,0.3765,158.7,1660150282956,0
290502370,0.3765,582.9,1660150283810,0
290502371,0.3764,106.6,1660150284920,1
290502372,0.3765,19680.3,1660150286102,0
290502373,0.3766,13798.6,1660150286102,0
290502374,0.3766,205.4,1660150288063,0
290502375,0.3765,1075.8,1660150290702,1
290502376,0.3766,15577.3,1660150291173,0
290502377,0.3765,2139.2,1660150292034,1
290502378,0.3766,501.3,1660150293274,0
290502379,0.3766,1000.0,1660150294813,0
290502380,0.3765,26.6,1660150295030,1
290502381,0.3765,177.2,1660150295711,1
290502382,0.3766,387.2,1660150297042,0
290502383,0.3766,20.0,1660150298012,0
290502384,0.3765,9924.8,1660150299541,1
290502385,0.3766,106.3,1660150300023,0
290502386,0.3765,12390.3,1660150300067,1
290502387,0.3764,95084.0,1660150300183,1
290502388,0.3764,12179.3,1660150300934,0
290502389,0.3763,225.2,1660150302799,1
290502390,0.3764,132.3,1660150306077,0
290502391,0.3764,258.1,1660150308429,0
290502392,0.3764,374.3,1660150309577,0
290502393,0.3763,50.5,1660150309787,1
290502394,0.3764,19918.5,1660150310813,0
290502395,0.3763,32.8,1660150311800,1
290502396,0.3764,835.3,1660150311843,0
290502397,0.3764,11010.9,1660150312604,0
290502398,0.3763,26.6,1660150317063,1
290502399,0.3764,101.0,1660150322356,0
290502400,0.3763,10.0,1660150322918,1
290502401,0.3763,23.1,1660150324713,1
290502402,0.3763,722.2,1660150326362,1
290502403,0.3764,626.0,1660150327197,0
290502404,0.3764,31.8,1660150328498,0
290502405,0.3763,1107.1,1660150330273,1
290502406,0.3763,51442.4,1660150332187,1
290502407,0.3763,48661.7,1660150332288,1
290502408,0.3762,2081.0,1660150336303,1
290502409,0.3763,4855.3,1660150337527,0
290502410,0.3762,763.2,1660150338030,1
290502411,0.3762,26.6,1660150338830,1
290502412,0.3763,600.0,1660150343514,0
290502413,0.3763,1980.1,1660150343792,0
290502414,0.3762,4982.5,1660150344387,1
290502415,0.3762,2965.2,1660150344533,1
290502416,0.3762,11100.2,1660150346179,1
290502417,0.3763,218.5,1660150346966,0
290502418,0.3763,35298.7,1660150348843,0
290502419,0.3764,55.2,1660150350373,0
290502420,0.3764,21.3,1660150351383,0
290502421,0.3764,11100.2,1660150352618,0
290502422,0.3763,2376.2,1660150353109,1
290502423,0.3763,4703.1,1660150356565,1
290502424,0.3763,1466.2,1660150358248,1
290502425,0.3763,857.5,1660150358774,1
290502426,0.3764,135.2,1660150358979,0
290502427,0.3763,525.0,1660150366357,1
290502428,0.3764,2982.9,1660150371923,0
290502429,0.3763,1000.0,1660150372347,1
290502430,0.3764,1103.1,1660150374190,0
290502431,0.3763,20500.9,1660150374597,1
290502432,0.3762,26.6,1660150381722,1
290502433,0.3763,1336.2,1660150381982,0
290502434,0.3763,440.8,1660150383223,0
290502435,0.3763,33408.7,1660150384679,0
290502436,0.3763,41.4,1660150384853,1
290502437,0.3764,3770.3,1660150385365,0
290502438,0.3764,31938.8,1660150385500,0
290502439,0.3765,350.2,1660150387880,0
290502440,0.3764,817.9,1660150389826,1
290502441,0.3764,321.2,1660150391846,1
290502442,0.3764,19.7,1660150393124,1
290502443,0.3765,3916.0,1660150395245,0
290502444,0.3764,20.0,1660150398310,1
290502445,0.3764,36511.9,1660150398909,1
290502446,0.3763,12156.2,1660150398909,1
290502447,0.3763,185.7,1660150402029,1
290502448,0.3763,21401.4,1660150402625,1
290502449,0.3763,17.1,1660150404578,1
290502450,0.3764,1000.0,1660150406365,0
290502451,0.3764,696.8,1660150408908,0
290502452,0.3763,283.5,1660150410138,1
290502453,0.3764,26284.8,1660150414382,0
290502454,0.3764,100.0,1660150414548,0
290502455,0.3763,60.7,1660150418305,1
290502456,0.3763,300.0,1660150419893,1
290502457,0.3764,12252.5,1660150419947,0
290502458,0.3765,132208.3,1660150421437,0
290502459,0.3764,281.1,1660150421450,1
290502460,0.3765,22145.6,1660150421459,0
290502461,0.3764,73539.7,1660150425068,1
290502462,0.3763,27559.3,1660150425068,1
290502463,0.3763,5903.2,1660150426070,1
290502464,0.3763,20.0,1660150430458,1
290502465,0.3764,11375.0,1660150431737,0
290502466,0.3764,33.9,1660150431970,0
290502467,0.3764,56.6,1660150440674,0
290502468,0.3764,1891.0,1660150441469,0
290502469,0.3765,379.8,1660150441536,0
290502470,0.3765,31254.5,1660150441653,0
290502471,0.3765,10.0,1660150443215,1
290502472,0.3765,210.0,1660150445395,1
290502473,0.3766,30.0,1660150446128,0
290502474,0.3766,163.1,1660150452776,0
290502475,0.3766,168748.7,1660150453284,0
290502476,0.3767,7278.8,1660150453447,0
290502477,0.3767,3706.0,1660150453567,0
290502478,0.3767,64332.6,1660150453728,0
290502479,0.3768,260.0,1660150454364,0
290502480,0.3768,45.8,1660150454943,0
290502481,0.3768,360.5,1660150455078,0
290502482,0.3767,2736.5,1660150455078,1
290502483,0.3767,12179.3,1660150456565,1
290502484,0.3767,1254.8,1660150458705,1
290502485,0.3768,128243.6,1660150459210,0
290502486,0.3768,13370.6,1660150459318,0
290502487,0.3768,1483.4,1660150462239,0
290502488,0.3768,1073.8,1660150462734,0
290502489,0.3767,578.3,1660150463815,1
290502490,0.3767,3054.0,1660150464103,1
290502491,0.3768,665.7,1660150464659,0
290502492,0.3768,319.4,1660150464811,0
290502493,0.3769,1422.7,1660150465276,0
290502494,0.3768,1242.7,1660150465756,1
290502495,0.3769,51165.0,1660150466230,0
290502496,0.3768,26716.0,1660150466258,1
290502497,0.3768,18936.1,1660150466523,1
290502498,0.3769,8164.9,1660150467556,0
290502499,0.3769,38831.2,1660150467891,0
290502500,0.3769,50.0,1660150468106,0
290502501,0.3768,62.5,1660150468991,1
290502502,0.3769,4317.8,1660150469847,0
290502503,0.3768,749.3,1660150470100,1
290502504,0.3768,1412.3,1660150470671,1
290502505,0.3768,11379.6,1660150471659,1
290502506,0.3769,528.0,1660150472926,0
290502507,0.3769,3980.8,1660150473083,0
290502508,0.3768,249.3,1660150473518,1
290502509,0.3769,95.5,1660150473979,0
290502510,0.3769,196.9,1660150476765,0
290502511,0.3768,638.9,1660150479609,1
290502512,0.3769,70.6,1660150480737,0
290502513,0.3768,21.8,1660150482494,1
290502514,0.3769,168.3,1660150482678,0
290502515,0.3768,3725.2,1660150486134,1
290502516,0.3769,3414.4,1660150486995,0
290502517,0.3768,1405.9,1660150487647,1
290502518,0.3769,1666.0,1660150491697,0
290502519,0.3769,21.8,1660150492039,0
290502520,0.3768,26.5,1660150493032,1
290502521,0.3769,60512.4,1660150493116,0
290502522,0.377,268.3,1660150493809,0
290502523,0.377,76083.9,1660150494055,0
290502524,0.3771,333.0,1660150495131,0
290502525,0.3771,108237.5,1660150495756,0
290502526,0.3772,20000.0,1660150496239,0
290502527,0.3771,332.8,1660150496435,1
290502528,0.3772,640.3,1660150499354,0
290502529,0.3771,6300.3,1660150500073,1
290502530,0.3772,984.3,1660150500118,0
290502531,0.3771,133.1,1660150500184,1
290502532,0.3772,450.7,1660150500388,0
290502533,0.3772,375.0,1660150502075,0
290502534,0.3772,3106.9,1660150502240,0
290502535,0.3772,1000.0,1660150502510,0
290502536,0.3771,1049.8,1660150502718,1
290502537,0.3771,352.8,1660150503152,1
290502538,0.3772,33.9,1660150504428,0
290502539,0.3771,1473.7,1660150506758,1
290502540,0.3771,3735.5,1660150508093,1
290502541,0.3771,30834.3,1660150508397,1
290502542,0.3771,1406.4,1660150508714,1
