trade_id,price,qty,timestamp,is_buyer_maker
293800000,0.3534,500.0,1662818156871,0
293800001,0.3532,28.4,1662818159079,1
293800002,0.3532,8019.0,1662818160058,1
293800003,0.3532,356.9,1662818160808,1
293800004,0.3532,19.0,1662818161054,1
293800005,0.3532,40936.1,1662818161261,1
293800006,0.3533,68.5,1662818161509,0
293800007,0.3533,178.9,1662818162477,0
293800008,0.3532,2792.0,1662818162750,1
293800009,0.3533,96.4,1662818163524,0
293800010,0.3532,28.4,1662818163942,1
293800011,0.3533,396.7,1662818164898,0
293800012,0.3533,1308.6,1662818166601,0
293800013,0.3533,1526.7,1662818166715,0
293800014,0.3532,89.2,1662818167995,1
293800015,0.3533,319.0,1662818168466,0
293800016,0.3532,28.4,1662818168807,1
293800017,0.3533,1407.2,1662818170971,0
293800018,0.3532,451.1,1662818171012,1
293800019,0.3533,452.4,1662818171982,0
293800020,0.3534,6963.6,1662818172168,0
293800021,0.3534,427.2,1662818174331,0
293800022,0.3533,2031.5,1662818175090,1
293800023,0.3534,4083.6,1662818175789,0
293800024,0.3533,34772.4,1662818177407,1
293800025,0.3532,5852.3,1662818179157,1
293800026,0.3531,8253.3,1662818180004,1
293800027,0.3532,1000.0,1662818180582,0
293800028,0.3531,2327.7,1662818181192,1
293800029,0.3531,28.4,1662818182788,1
293800030,0.3531,166.7,1662818183978,1
293800031,0.3531,69558.6,1662818187328,1
293800032,0.353,28.4,1662818187677,1
293800033,0.3531,14.2,1662818188293,0
293800034,0.3531,1682.1,1662818189091,0
293800035,0.353,200.0,1662818190502,1
293800036,0.353,7997.1,1662818190904,1
293800037,0.3531,2143.0,1662818191753,0
293800038,0.353,649.1,1662818192450,1
293800039,0.3531,5443.0,1662818192536,0
293800040,0.353,28.4,1662818192556,1
293800041,0.3531,2116.8,1662818192601,0
293800042,0.353,2556.7,1662818193003,1
293800043,0.353,3425.1,1662818193356,1
293800044,0.353,310.3,1662818193918,1
293800045,0.3531,1332.7,1662818194048,0
293800046,0.3532,3880.4,1662818194117,0
293800047,0.3533,3902.3,1662818194117,0
293800048,0.3533,646.1,1662818194302,0
293800049,0.3533,116.5,1662818196202,0
293800050,0.3532,1475.5,1662818200555,1
293800051,0.3533,1416.4,1662818201163,0
293800052,0.3532,28.4,1662818201910,1
293800053,0.3532,2264.3,1662818202522,1
293800054,0.3533,20.0,1662818204068,0
293800055,0.3532,7865.5,1662818204647,1
293800056,0.3532,28.4,1662818206718,1
293800057,0.3532,46159.7,1662818207689,1
293800058,0.3531,28.4,1662818211505,1
293800059,0.3532,46.0,1662818212440,0
293800060,0.3532,6555.3,1662818214969,0
293800061,0.3533,9255.9,1662818214969,0
293800062,0.3532,2832.8,1662818215188,1
293800063,0.3532,4881.5,1662818219213,1
293800064,0.3532,28.4,1662818220792,1
293800065,0.3533,1214.2,1662818222945,0
293800066,0.3533,77.2,1662818224487,0
293800067,0.3532,331.7,1662818224638,1
293800068,0.3532,28.4,1662818225560,1
293800069,0.3533,5446.7,1662818226208,0
293800070,0.3533,218.1,1662818226585,0
293800071,0.3532,113.1,1662818226623,1
293800072,0.3532,312.5,1662818226793,1
293800073,0.3533,218.1,1662818227316,0
293800074,0.3532,187.4,1662818227485,1
293800075,0.3533,470.2,1662818227625,0
293800076,0.3533,218.1,1662818227813,0
293800077,0.3532,367.9,1662818228134,1
293800078,0.3532,260.0,1662818228293,1
293800079,0.3533,218.1,1662818228490,0
293800080,0.3532,50.6,1662818228569,1
293800081,0.3533,218.1,1662818228643,0
293800082,0.3532,74.8,1662818229105,1
293800083,0.3532,93.4,1662818229213,1
293800084,0.3532,311.4,1662818229487,1
293800085,0.3532,25803.2,1662818229901,1
293800086,0.3531,28.4,1662818230311,1
293800087,0.3531,279.4,1662818231965,1
293800088,0.3531,259.5,1662818232304,1
293800089,0.3531,750.0,1662818233026,1
293800090,0.3532,915.5,1662818233823,0
293800091,0.3532,1343.4,1662818234361,0
293800092,0.3533,141.5,1662818235489,0
293800093,0.3532,28.4,1662818239918,1
293800094,0.3532,140.8,1662818241183,1
293800095,0.3532,28.4,1662818244680,1
293800096,0.3532,1036.0,1662818245743,1
293800097,0.3532,28.4,1662818249392,1
293800098,0.3533,162.5,1662818249619,0
293800099,0.3532,659.1,1662818249905,1
293800100,0.3533,550.0,1662818251040,0
293800101,0.3533,162.3,1662818251294,0
293800102,0.3532,527.8,1662818253018,1
293800103,0.3532,8947.6,1662818253831,1
293800104,0.3532,28.4,1662818254099,1
293800105,0.3533,4847.9,1662818255340,0
293800106,0.3534,76764.0,1662818255340,0
293800107,0.3535,1742.1,1662818255373,0
293800108,0.3534,456.1,1662818255598,1
293800109,0.3534,564.2,1662818255919,1
293800110,0.3535,42388.3,1662818256232,0
293800111,0.3534,79230.3,1662818257242,1
293800112,0.3534,10394.0,1662818258428,1
293800113,0.3534,931.9,1662818259098,0
293800114,0.3534,250.0,1662818260659,0
293800115,0.3534,642.6,1662818261465,0
293800116,0.3534,56446.8,1662818261595,0
293800117,0.3534,28.4,1662818263260,1
293800118,0.3535,1480.6,1662818263622,0
293800119,0.3534,19180.3,1662818266679,1
293800120,0.3533,250.0,1662818267035,1
293800121,0.3534,5607.7,1662818267593,0
293800122,0.3533,28.4,1662818267932,1
293800123,0.3534,457.8,1662818268552,0
293800124,0.3534,562.5,1662818269977,0
293800125,0.3533,740.2,1662818270591,1
293800126,0.3533,14661.3,1662818272209,1
293800127,0.3533,28.4,1662818272582,1
293800128,0.3534,200.0,1662818272582,0
293800129,0.3534,56.5,1662818275834,0
293800130,0.3534,1000.0,1662818276366,0
293800131,0.3534,587.1,1662818276710,0
293800132,0.3534,545.6,1662818277119,0
293800133,0.3534,6482.2,1662818281605,0
293800134,0.3533,28.4,1662818281969,1
293800135,0.3534,1415.6,1662818283103,0
293800136,0.3534,4469.1,1662818284522,0
293800137,0.3534,660.4,1662818285154,1
293800138,0.3535,16873.1,1662818286400,0
293800139,0.3534,125.1,1662818287468,1
293800140,0.3535,50.0,1662818289619,0
293800141,0.3535,294.8,1662818290894,0
293800142,0.3535,145492.1,1662818291064,0
293800143,0.3534,28.4,1662818291273,1
293800144,0.3535,337.2,1662818292400,0
293800145,0.3535,2528.8,1662818295846,0
293800146,0.3534,28.4,1662818296269,1
293800147,0.3535,2500.0,1662818298334,0
293800148,0.3536,100.0,1662818299081,0
293800149,0.3536,331.7,1662818300087,0
293800150,0.3536,115420.0,1662818300401,0
293800151,0.3537,622.2,1662818301809,0
293800152,0.3536,84.9,1662818301899,1
293800153,0.3537,629.1,1662818302142,0
293800154,0.3536,2814.4,1662818302838,1
293800155,0.3537,5000.0,1662818303287,0
293800156,0.3537,3014.9,1662818304075,0
293800157,0.3536,28.4,1662818304965,1
293800158,0.3537,3739.4,1662818306527,0
293800159,0.3537,2221.0,1662818309374,0
293800160,0.3537,7384.0,1662818309553,0
293800161,0.3537,28.4,1662818309798,1
293800162,0.3538,3525.5,1662818310569,0
293800163,0.3537,200.0,1662818310727,1
293800164,0.3538,608.0,1662818311314,0
293800165,0.3538,3263.4,1662818312589,0
293800166,0.3537,7552.9,1662818312693,1
293800167,0.3537,26935.9,1662818312813,1
293800168,0.3537,9932.7,1662818313084,0
293800169,0.3536,28.4,1662818314205,1
293800170,0.3537,250.0,1662818317704,0
293800171,0.3537,24.9,1662818318285,0
293800172,0.3536,28.4,1662818318600,1
293800173,0.3536,36.3,1662818319227,1
293800174,0.3536,28.4,1662818322926,1
293800175,0.3537,28.3,1662818323724,0
293800176,0.3537,2064.3,1662818323966,0
293800177,0.3537,2000.0,1662818325014,0
293800178,0.3537,1439.5,1662818326002,0
293800179,0.3536,30000.0,1662818326471,1
293800180,0.3536,28.4,1662818327198,1
293800181,0.3536,830.9,1662818328049,1
293800182,0.3536,100.0,1662818328345,0
293800183,0.3535,305.5,1662818329438,1
293800184,0.3535,5000.0,1662818330245,1
293800185,0.3535,28.4,1662818331462,1
293800186,0.3535,25810.6,1662818333580,1
293800187,0.3535,22.6,1662818334214,0
293800188,0.3535,439.0,1662818335234,0
293800189,0.3534,427.3,1662818335648,1
293800190,0.3534,319.9,1662818337460,1
293800191,0.3535,28.2,1662818338357,0
293800192,0.3534,123.9,1662818338445,1
293800193,0.3534,904.3,1662818338898,1
293800194,0.3534,28.4,1662818339758,1
293800195,0.3534,7628.8,1662818340454,1
293800196,0.3534,1226.2,1662818340659,1
293800197,0.3534,28.4,1662818344169,1
293800198,0.3535,439.0,1662818344436,0
293800199,0.3534,47.1,1662818347876,1
293800200,0.3535,339.1,1662818348717,0
293800201,0.3535,1216.4,1662818350077,0
293800202,0.3536,1414.4,1662818351926,0
293800203,0.3535,14000.0,1662818352231,1
293800204,0.3536,8646.4,1662818354955,0
293800205,0.3536,636.6,1662818355254,0
293800206,0.3536,893.5,1662818355709,1
293800207,0.3537,3124.8,1662818356018,0
293800208,0.3536,500.0,1662818356109,1
293800209,0.3537,131.8,1662818356494,0
293800210,0.3537,338.5,1662818356919,0
293800211,0.3536,28.3,1662818357616,1
293800212,0.3537,439.0,1662818358641,0
293800213,0.3536,28.3,1662818362494,1
293800214,0.3537,439.0,1662818365981,0
293800215,0.3537,88.5,1662818366234,0
293800216,0.3538,250.0,1662818366234,0
293800217,0.3537,194.5,1662818367617,1
293800218,0.3537,32.5,1662818369574,1
293800219,0.3537,12075.2,1662818370324,1
293800220,0.3537,68402.4,1662818370760,1
293800221,0.3536,28.3,1662818371953,1
293800222,0.3536,23876.7,1662818372461,1
293800223,0.3536,338.5,1662818373437,0
293800224,0.3535,30000.0,1662818373451,1
293800225,0.3536,4239.6,1662818374216,0
293800226,0.3536,7277.8,1662818374576,0
293800227,0.3536,439.0,1662818375203,0
293800228,0.3535,28.3,1662818376848,1
293800229,0.3535,123.9,1662818379154,1
293800230,0.3536,14807.8,1662818379784,0
293800231,0.3536,12838.1,1662818380784,0
293800232,0.3537,2681.4,1662818381495,0
293800233,0.3537,439.0,1662818384405,0
293800234,0.3537,18245.8,1662818384569,0
293800235,0.3537,111.0,1662818384945,0
293800236,0.3537,338.5,1662818385585,0
293800237,0.3536,28.3,1662818386277,1
293800238,0.3537,5899.6,1662818386723,0
293800239,0.3536,442.5,1662818390381,1
293800240,0.3536,28.3,1662818391138,1
293800241,0.3537,1843.5,1662818393500,0
293800242,0.3537,485.5,1662818393752,0
293800243,0.3537,439.0,1662818394515,0
293800244,0.3536,28.3,1662818396342,1
293800245,0.3537,338.5,1662818397767,0
293800246,0.3536,351.4,1662818398535,1
293800247,0.3537,1604.6,1662818398700,0
293800248,0.3537,649.5,1662818398885,0
293800249,0.3537,150.0,1662818399236,1
293800250,0.3537,175.7,1662818400324,1
293800251,0.3537,811.0,1662818401649,1
293800252,0.3538,144.1,1662818402220,0
293800253,0.3537,10800.5,1662818402368,1
293800254,0.3538,522.7,1662818402441,0
293800255,0.3538,10761.5,1662818402772,0
293800256,0.3538,167.0,1662818403389,0
293800257,0.3538,240.4,1662818403610,0
293800258,0.3537,6614.5,1662818403820,1
293800259,0.3538,484.9,1662818403955,0
293800260,0.3537,344.4,1662818404425,1
293800261,0.3537,161.7,1662818404669,1
293800262,0.3537,41062.3,1662818405088,1
293800263,0.3537,12930.4,1662818405372,1
293800264,0.3536,52.0,1662818405420,1
293800265,0.3537,513.0,1662818405478,0
293800266,0.3536,67140.6,1662818405550,1
293800267,0.3535,12.2,1662818405554,1
293800268,0.3536,848.6,1662818405628,0
293800269,0.3535,64.3,1662818405687,1
293800270,0.3536,281.7,1662818405826,0
293800271,0.3535,76.0,1662818405834,1
293800272,0.3535,812.0,1662818405955,1
293800273,0.3535,243.0,1662818406124,1
293800274,0.3536,59525.2,1662818406125,0
293800275,0.3536,574.3,1662818406146,1
293800276,0.3536,23.6,1662818406299,1
293800277,0.3537,2641.9,1662818406736,0
293800278,0.3536,280.9,1662818407306,1
293800279,0.3537,439.0,1662818407630,0
293800280,0.3536,200.0,1662818408208,1
293800281,0.3536,4460.2,1662818408637,1
293800282,0.3537,338.5,1662818408882,0
293800283,0.3537,68944.0,1662818409723,0
293800284,0.3538,379.9,1662818409746,0
293800285,0.3538,46.9,1662818409956,0
293800286,0.3538,797.5,1662818410557,0
293800287,0.3538,319.0,1662818411089,0
293800288,0.3538,925.1,1662818411412,0
293800289,0.3537,20000.0,1662818411505,1
293800290,0.3537,280.7,1662818412594,1
293800291,0.3537,0.5,1662818412861,1
293800292,0.3538,484.9,1662818414166,0
293800293,0.3537,28.3,1662818415177,1
293800294,0.3537,53035.3,1662818415575,1
293800295,0.3537,338.5,1662818416985,0
293800296,0.3536,70.3,1662818417014,1
293800297,0.3537,2823.2,1662818417390,0
293800298,0.3536,0.2,1662818417546,1
293800299,0.3537,10205.3,1662818418025,0
293800300,0.3537,14.9,1662818418538,0
293800301,0.3536,415.6,1662818419535,1
293800302,0.3537,3816.7,1662818419693,0
293800303,0.3536,27.5,1662818419821,1
293800304,0.3536,829.5,1662818419957,1
293800305,0.3535,28.3,1662818420014,1
293800306,0.3536,9888.6,1662818420622,0
293800307,0.3536,1026.1,1662818421629,0
293800308,0.3535,6.5,1662818422312,1
293800309,0.3536,12558.2,1662818423707,0
293800310,0.3536,9000.0,1662818425172,1
293800311,0.3537,424.3,1662818425273,0
293800312,0.3537,195.8,1662818425417,0
293800313,0.3536,1848.4,1662818425579,1
293800314,0.3537,19482.9,1662818425795,0
293800315,0.3536,21216.4,1662818426104,1
293800316,0.3536,2257.2,1662818426428,1
293800317,0.3537,6666.0,1662818427724,0
293800318,0.3537,823.4,1662818428286,0
293800319,0.3536,1698.7,1662818429269,1
293800320,0.3536,1211.4,1662818429920,1
293800321,0.3536,2112.2,1662818430134,1
293800322,0.3536,10227.9,1662818430279,1
293800323,0.3536,1211.0,1662818430519,1
293800324,0.3535,1341.1,1662818430596,1
293800325,0.3535,828.6,1662818430934,1
293800326,0.3535,8789.8,1662818431285,1
293800327,0.3535,81.3,1662818433890,1
293800328,0.3535,2822.5,1662818437610,1
293800329,0.3535,597.4,1662818437719,1
293800330,0.3536,484.9,1662818438409,0
293800331,0.3535,28.3,1662818438709,1
293800332,0.3535,127.8,1662818439506,1
293800333,0.3535,1118.5,1662818439629,1
293800334,0.3536,55915.8,1662818439981,0
293800335,0.3537,338.5,1662818440516,0
293800336,0.3536,93.6,1662818441428,1
293800337,0.3536,274.9,1662818441853,1
293800338,0.3536,74.8,1662818442445,1
293800339,0.3536,1705.4,1662818444261,1
293800340,0.3536,152.5,1662818444531,1
293800341,0.3536,227.4,1662818444907,1
293800342,0.3536,926.8,1662818446918,1
293800343,0.3537,484.9,1662818447617,0
293800344,0.3536,28.3,1662818448037,1
293800345,0.3536,337.6,1662818450452,1
293800346,0.3537,131.3,1662818451078,0
293800347,0.3536,92.5,1662818451634,1
293800348,0.3536,29.5,1662818452874,1
293800349,0.3536,41.5,1662818454639,1
293800350,0.3537,115.1,1662818455078,0
293800351,0.3536,288.2,1662818457004,1
293800352,0.3537,18.8,1662818457479,0
293800353,0.3536,28.3,1662818457668,1
293800354,0.3537,1000.0,1662818457865,0
293800355,0.3537,484.9,1662818458735,0
293800356,0.3537,102.4,1662818459072,0
293800357,0.3537,117.4,1662818461068,0
293800358,0.3536,28.3,1662818462478,1
293800359,0.3537,29.6,1662818462644,0
293800360,0.3536,14.2,1662818463819,1
293800361,0.3537,846.7,1662818465065,0
293800362,0.3536,105.2,1662818465987,1
293800363,0.3537,484.9,1662818466847,0
293800364,0.3536,28.3,1662818467238,1
293800365,0.3536,147.1,1662818468632,1
293800366,0.3537,17541.1,1662818468708,0
293800367,0.3537,327.8,1662818469094,0
293800368,0.3536,196.1,1662818470603,1
293800369,0.3536,34.9,1662818471612,1
293800370,0.3536,245.0,1662818471934,1
293800371,0.3537,862.3,1662818472074,0
293800372,0.3536,1375.9,1662818472085,1
293800373,0.3536,29.8,1662818472273,1
293800374,0.3537,17.8,1662818473109,0
293800375,0.3537,484.9,1662818474067,0
293800376,0.3537,1199.1,1662818474321,0
293800377,0.3537,15277.8,1662818475310,0
293800378,0.3537,1642.6,1662818475320,1
293800379,0.3538,149.5,1662818478046,0
293800380,0.3537,28312.5,1662818478937,1
293800381,0.3538,2190.5,1662818480109,0
293800382,0.3538,430.3,1662818481088,0
293800383,0.3537,28.3,1662818481274,1
293800384,0.3538,125854.0,1662818481774,0
293800385,0.3538,40637.6,1662818481889,0
293800386,0.3539,13853.0,1662818482300,0
293800387,0.3539,1200.0,1662818484541,0
293800388,0.3538,67624.7,1662818484610,1
293800389,0.3538,484.9,1662818486398,0
293800390,0.3537,16650.8,1662818487354,1
293800391,0.3536,60.9,1662818488665,1
293800392,0.3537,633.5,1662818488824,0
293800393,0.3537,463.6,1662818489186,0
293800394,0.3536,28.3,1662818490522,1
293800395,0.3537,285.8,1662818491172,0
293800396,0.3536,638.0,1662818494209,1
293800397,0.3536,28.3,1662818495277,1
293800398,0.3537,189.2,1662818497396,0
293800399,0.3537,2200.0,1662818497636,0
293800400,0.3537,16061.4,1662818497748,0
293800401,0.3538,107.2,1662818498073,0
293800402,0.3537,204.0,1662818498864,1
293800403,0.3538,13881.3,1662818502290,0
293800404,0.3539,3656.1,1662818502290,0
293800405,0.3539,2485.8,1662818502972,0
293800406,0.3538,23252.0,1662818503862,1
293800407,0.3537,25390.9,1662818504089,1
293800408,0.3537,7276.6,1662818504447,0
293800409,0.3536,168.6,1662818506830,1
293800410,0.3536,28.3,1662818508918,1
293800411,0.3536,1131.2,1662818509326,1
293800412,0.3537,14.7,1662818509535,0
293800413,0.3536,158.9,1662818510674,1
293800414,0.3536,15.4,1662818511726,1
293800415,0.3536,28.3,1662818513640,1
293800416,0.3537,563.8,1662818515107,0
293800417,0.3536,1963.1,1662818516438,1
293800418,0.3536,21693.0,1662818517277,1
293800419,0.3536,2000.0,1662818517424,0
293800420,0.3536,500.0,1662818518269,0
293800421,0.3535,200.0,1662818518277,1
293800422,0.3536,2255.0,1662818518277,0
293800423,0.3535,28.3,1662818518346,1
293800424,0.3535,3748.2,1662818519040,1
293800425,0.3535,71.8,1662818520449,1
293800426,0.3536,84.9,1662818521123,0
293800427,0.3536,69.3,1662818522118,0
293800428,0.3536,3840.0,1662818522389,0
293800429,0.3536,200.0,1662818522528,1
293800430,0.3536,227.8,1662818522666,1
293800431,0.3536,1729.6,1662818524807,1
293800432,0.3536,24939.0,1662818525872,1
293800433,0.3535,15301.8,1662818526413,1
293800434,0.3535,595.6,1662818527367,0
293800435,0.3534,28.3,1662818527484,1
293800436,0.3534,96.8,1662818527843,1
293800437,0.3534,1414.0,1662818528373,1
293800438,0.3535,125.9,1662818529074,0
293800439,0.3534,28.3,1662818532246,1
293800440,0.3535,14144.2,1662818532329,0
293800441,0.3534,4523.1,1662818533206,1
293800442,0.3533,282.9,1662818534567,1
293800443,0.3533,17983.3,1662818535073,1
293800444,0.3533,888.1,1662818535199,0
293800445,0.3532,616.1,1662818535282,1
293800446,0.3532,290.0,1662818535776,1
293800447,0.3532,28.3,1662818536959,1
293800448,0.3533,995.5,1662818537101,0
293800449,0.3532,440.7,1662818537356,1
293800450,0.3533,843.6,1662818538094,0
293800451,0.3533,113.5,1662818538387,0
293800452,0.3533,545.7,1662818538632,1
293800453,0.3532,1577.7,1662818538632,1
293800454,0.3533,2191.2,1662818538835,1
293800455,0.3534,14.7,1662818538853,0
293800456,0.3533,142.8,1662818538858,1
293800457,0.3533,545.7,1662818539009,1
293800458,0.3533,321.7,1662818539183,1
293800459,0.3534,103.1,1662818539335,0
293800460,0.3533,15828.4,1662818539794,1
293800461,0.3533,224.9,1662818541126,0
293800462,0.3532,414.6,1662818541327,1
293800463,0.3533,178.9,1662818542113,0
293800464,0.3532,100.0,1662818543707,1
293800465,0.3533,70.7,1662818543862,0
293800466,0.3532,95.0,1662818543893,1
293800467,0.3533,2246.7,1662818544801,0
293800468,0.3533,244.4,1662818545073,0
293800469,0.3533,46.2,1662818547096,0
293800470,0.3532,6666.0,1662818547400,1
293800471,0.3533,257.1,1662818547405,0
293800472,0.3533,619.7,1662818548107,0
293800473,0.3533,24939.0,1662818548226,0
293800474,0.3532,28.3,1662818550445,1
293800475,0.3533,229.1,1662818551081,0
293800476,0.3532,233.0,1662818553594,1
293800477,0.3532,177.9,1662818554385,1
293800478,0.3532,28.3,1662818555117,1
293800479,0.3533,997.1,1662818555460,0
293800480,0.3533,290.6,1662818556075,0
293800481,0.3533,200.0,1662818556325,0
293800482,0.3533,548.6,1662818558068,0
293800483,0.3533,3667.1,1662818559687,0
293800484,0.3532,28.3,1662818559787,1
293800485,0.3533,155.7,1662818561537,0
293800486,0.3533,426.1,1662818561896,0
293800487,0.3533,41.1,1662818562331,0
293800488,0.3532,28.3,1662818564459,1
293800489,0.3533,274.5,1662818564941,0
293800490,0.3533,631.7,1662818565366,0
293800491,0.3533,14.7,1662818567535,0
293800492,0.3532,1174.7,1662818567898,1
293800493,0.3533,2214.3,1662818568844,0
293800494,0.3533,492.7,1662818569084,1
293800495,0.3534,13459.3,1662818570476,0
293800496,0.3534,1099.6,1662818570579,1
293800497,0.3534,62.2,1662818573788,1
293800498,0.3535,19942.1,1662818575900,0
293800499,0.3536,400.0,1662818578591,0
293800500,0.3536,414.6,1662818580758,0
293800501,0.3535,127.4,1662818581417,1
293800502,0.3535,108.3,1662818582011,1
293800503,0.3535,28.3,1662818582124,1
293800504,0.3536,445.0,1662818582134,0
293800505,0.3535,84.9,1662818582584,1
293800506,0.3536,33310.0,1662818583939,0
293800507,0.3535,42432.8,1662818584900,1
293800508,0.3536,629.3,1662818585603,0
293800509,0.3536,93.9,1662818585746,1
293800510,0.3537,7992.8,1662818585849,0
293800511,0.3537,28.7,1662818587344,0
293800512,0.3538,31.0,1662818587473,0
293800513,0.3538,64.0,1662818588124,0
293800514,0.3538,2694.7,1662818589542,0
293800515,0.3539,9008.5,1662818589542,0
293800516,0.3539,28.2,1662818589657,0
293800517,0.3538,37438.4,1662818590096,1
293800518,0.3538,50.4,1662818590437,0
293800519,0.3537,13.2,1662818591496,1
293800520,0.3537,7.1,1662818591672,1
293800521,0.3538,118.4,1662818591769,0
293800522,0.3538,8346.9,1662818593251,0
293800523,0.3538,191.3,1662818594113,0
293800524,0.3537,457.2,1662818595351,1
293800525,0.3538,14.7,1662818596545,0
293800526,0.3538,632.3,1662818597093,0
293800527,0.3537,11219.0,1662818598528,1
293800528,0.3537,23658.1,1662818598704,1
293800529,0.3537,286.9,1662818599648,1
293800530,0.3537,55.0,1662818599760,1
293800531,0.3537,1077.2,1662818599862,1
293800532,0.3536,28.3,1662818599873,1
293800533,0.3536,108.8,1662818600539,1
293800534,0.3536,190.4,1662818600640,1
293800535,0.3536,54.4,1662818600745,1
293800536,0.3537,435.4,1662818603509,0
293800537,0.3536,28.3,1662818604420,1
293800538,0.3537,48.9,1662818605101,0
293800539,0.3536,28.3,1662818609311,1
293800540,0.3537,14116.3,1662818609640,0
293800541,0.3537,8346.9,1662818612102,0
293800542,0.3536,10000.0,1662818612942,1
293800543,0.3536,306.3,1662818613051,1
293800544,0.3537,567.0,1662818613201,0
293800545,0.3537,814.5,1662818613383,0
293800546,0.3536,28.3,1662818613755,1
293800547,0.3537,135.3,1662818613840,0
293800548,0.3536,20.0,1662818614642,1
293800549,0.3537,20350.8,1662818615831,0
293800550,0.3538,15845.3,1662818616566,0
293800551,0.3538,356.0,1662818616769,1
293800552,0.3538,2149.5,1662818618022,1
293800553,0.3538,7424.1,1662818618691,1
293800554,0.3539,11985.2,1662818620516,0
293800555,0.3538,1927.3,1662818621396,1
293800556,0.3538,181.0,1662818622221,1
293800557,0.3538,37.2,1662818622635,1
293800558,0.3538,6.7,1662818622791,1
293800559,0.3538,2642.1,1662818622987,1
293800560,0.3538,159.2,1662818623102,1
293800561,0.3538,50.0,1662818623223,1
293800562,0.3538,1903.8,1662818623602,1
293800563,0.3538,163.3,1662818624073,0
293800564,0.3537,1196.9,1662818624822,1
293800565,0.3538,14.7,1662818625534,0
293800566,0.3537,1093.4,1662818626468,1
293800567,0.3537,1145.1,1662818626595,1
293800568,0.3537,29.9,1662818626710,0
293800569,0.3536,28.3,1662818627052,1
293800570,0.3537,258.8,1662818628267,0
293800571,0.3537,29.0,1662818628370,0
293800572,0.3537,8346.7,1662818628514,0
293800573,0.3537,204.8,1662818631276,0
293800574,0.3536,28.3,1662818631691,1
293800575,0.3537,91.9,1662818631770,0
293800576,0.3537,10912.1,1662818632487,0
293800577,0.3538,96.7,1662818632804,0
293800578,0.3538,5320.2,1662818635005,0
293800579,0.3539,28.3,1662818635720,0
293800580,0.3538,9154.4,1662818639043,1
293800581,0.3537,5713.9,1662818639055,1
293800582,0.3538,258.7,1662818639378,0
293800583,0.3537,28.3,1662818639716,1
293800584,0.3538,3015.0,1662818640884,0
293800585,0.3538,6481.0,1662818641750,1
293800586,0.3539,847.9,1662818644118,0
293800587,0.3538,132.5,1662818645186,1
293800588,0.3539,876.3,1662818646467,0
293800589,0.354,258.7,1662818650470,0
293800590,0.3539,27.2,1662818650890,1
293800591,0.3539,27.2,1662818651213,1
293800592,0.3539,27.2,1662818651361,1
293800593,0.354,7873.0,1662818651563,0
293800594,0.354,108.8,1662818651688,1
293800595,0.354,1742.1,1662818652091,1
293800596,0.354,38785.5,1662818653406,1
293800597,0.3539,7770.8,1662818653564,1
293800598,0.354,14.7,1662818654533,0
293800599,0.354,60105.4,1662818655360,0
293800600,0.354,3725.7,1662818657694,1
293800601,0.3541,371.5,1662818658747,0
293800602,0.354,28.3,1662818662392,1
293800603,0.3541,5080.7,1662818665229,0
293800604,0.3541,258.7,1662818666002,0
293800605,0.354,28.3,1662818667367,1
293800606,0.354,68.0,1662818667500,1
293800607,0.3541,309.9,1662818667971,0
293800608,0.3541,3486.8,1662818668872,0
293800609,0.3541,148.5,1662818669361,0
293800610,0.3541,85014.6,1662818671565,1
293800611,0.3541,7276.6,1662818671841,1
293800612,0.3542,67.2,1662818672754,0
293800613,0.3541,109.9,1662818672919,1
293800614,0.3542,38.4,1662818673076,0
293800615,0.3541,500.2,1662818673929,1
293800616,0.3542,2767.9,1662818674744,0
293800617,0.3542,1500.0,1662818675906,0
293800618,0.3542,6389.6,1662818676866,0
293800619,0.3541,28.3,1662818676982,1
293800620,0.3541,282.4,1662818677189,1
293800621,0.3542,258.7,1662818677189,0
293800622,0.3541,60.4,1662818678193,1
293800623,0.3542,647.0,1662818679077,0
293800624,0.3542,540.6,1662818679340,0
293800625,0.3542,4402.4,1662818679821,0
293800626,0.3542,27143.5,1662818680057,1
293800627,0.3542,3624.8,1662818680167,1
293800628,0.3542,3000.0,1662818680646,0
293800629,0.3541,1771.8,1662818680914,1
293800630,0.3542,1849.7,1662818681186,0
293800631,0.3541,76.1,1662818681772,1
293800632,0.3542,11016.5,1662818682708,0
293800633,0.3541,8414.2,1662818682755,1
293800634,0.3542,14.7,1662818683534,0
293800635,0.3542,179.4,1662818685727,0
293800636,0.3541,74.2,1662818686005,1
293800637,0.3542,1776.9,1662818686096,0
293800638,0.3541,28.3,1662818686556,1
293800639,0.3541,32.2,1662818687418,1
293800640,0.3541,12671.6,1662818687673,1
293800641,0.3541,7852.5,1662818687788,1
293800642,0.3541,333.8,1662818688113,0
293800643,0.3541,3927.3,1662818688731,0
293800644,0.354,10871.4,1662818689171,1
293800645,0.3541,1622.4,1662818689674,0
293800646,0.3541,258.7,1662818690304,0
293800647,0.354,98.0,1662818691245,1
293800648,0.3541,47620.2,1662818691395,0
293800649,0.3541,28.3,1662818691492,1
293800650,0.3541,131.4,1662818691895,1
293800651,0.3541,6926.1,1662818692665,1
293800652,0.3542,1128.1,1662818693159,0
293800653,0.3542,367.6,1662818694133,0
293800654,0.3541,28.3,1662818696413,1
293800655,0.3541,61.6,1662818700832,1
293800656,0.3541,28.3,1662818701697,1
293800657,0.3542,258.7,1662818703424,0
293800658,0.3542,18466.7,1662818703681,0
293800659,0.3543,21931.3,1662818703681,0
293800660,0.3543,217.8,1662818703984,0
293800661,0.3543,3266.2,1662818705091,0
293800662,0.3543,1120.7,1662818706002,0
293800663,0.3543,307.7,1662818706654,0
293800664,0.3543,84.7,1662818707769,0
293800665,0.3543,435.7,1662818709137,0
293800666,0.3543,2588.0,1662818710395,0
293800667,0.3542,28.3,1662818711605,1
293800668,0.3543,14.7,1662818712534,0
293800669,0.3542,20000.0,1662818716028,1
293800670,0.3542,28.3,1662818716563,1
293800671,0.3543,258.7,1662818716736,0
293800672,0.3543,57921.4,1662818716956,0
293800673,0.3544,100.0,1662818717127,0
293800674,0.3544,688.1,1662818717987,0
293800675,0.3544,1301.4,1662818719262,0
293800676,0.3543,810.2,1662818719775,1
293800677,0.3544,15.6,1662818721879,0
293800678,0.3544,969.0,1662818723270,0
293800679,0.3544,2577.8,1662818724812,0
293800680,0.3544,315.4,1662818726296,0
293800681,0.3543,6339.0,1662818726378,1
293800682,0.3543,3020.7,1662818727394,1
293800683,0.3544,56.4,1662818727746,0
293800684,0.3544,258.7,1662818727927,0
293800685,0.3543,37058.6,1662818728271,1
293800686,0.3543,306.3,1662818728451,0
293800687,0.3542,7475.6,1662818729500,1
293800688,0.3543,19.7,1662818731010,0
293800689,0.3542,191.9,1662818731021,1
293800690,0.3542,28.3,1662818731265,1
293800691,0.3543,274.7,1662818731266,0
293800692,0.3543,397.6,1662818732218,0
293800693,0.3542,14.9,1662818732520,1
293800694,0.3542,28.3,1662818736519,1
293800695,0.3542,28.2,1662818736802,1
293800696,0.3542,70.5,1662818737081,1
293800697,0.3542,1508.7,1662818737309,1
293800698,0.3543,1032.8,1662818738636,0
293800699,0.3542,15.6,1662818739203,1
293800700,0.3543,271.1,1662818741535,0
293800701,0.3542,28.3,1662818741742,1
293800702,0.3542,0.4,1662818742813,1
293800703,0.3543,397.6,1662818743428,0
293800704,0.3542,4491.5,1662818744841,1
293800705,0.3542,14016.5,1662818745683,1
293800706,0.3542,28.3,1662818746599,1
293800707,0.3542,21.4,1662818748725,1
293800708,0.3543,269.3,1662818749521,0
293800709,0.3542,2294.6,1662818750461,1
293800710,0.3542,28.3,1662818751424,1
293800711,0.3543,287.9,1662818751715,0
293800712,0.3543,397.6,1662818755724,0
293800713,0.3542,28.3,1662818756278,1
293800714,0.3543,6065.3,1662818756354,0
293800715,0.3542,4733.0,1662818756752,1
293800716,0.3543,14.3,1662818758966,0
293800717,0.3542,33.5,1662818759475,1
293800718,0.3543,263.2,1662818759733,0
293800719,0.3543,16138.4,1662818760645,0
293800720,0.3544,264.0,1662818761951,0
293800721,0.3544,397.6,1662818764834,0
293800722,0.3544,26272.1,1662818765556,0
293800723,0.3545,81239.4,1662818765657,0
293800724,0.3545,28.3,1662818765817,1
293800725,0.3545,66.4,1662818766307,1
293800726,0.3545,20837.5,1662818767419,1
293800727,0.3545,966.2,1662818767905,1
293800728,0.3545,6967.6,1662818768604,1
293800729,0.3545,897.0,1662818769627,0
293800730,0.3545,39829.3,1662818770363,0
293800731,0.3546,14.7,1662818770537,0
293800732,0.3545,28.3,1662818770778,1
293800733,0.3546,296.5,1662818770794,0
293800734,0.3546,33844.1,1662818771061,0
293800735,0.3546,3169.7,1662818772072,1
293800736,0.3547,719.5,1662818772094,0
293800737,0.3547,292.0,1662818772425,0
293800738,0.3546,73.1,1662818772980,1
293800739,0.3547,245.0,1662818773227,0
293800740,0.3546,212.8,1662818774358,1
293800741,0.3547,18.1,1662818775392,0
293800742,0.3547,397.6,1662818776067,0
293800743,0.3546,3549.8,1662818778460,1
293800744,0.3547,4500.0,1662818778463,0
293800745,0.3547,34.9,1662818779848,0
293800746,0.3546,28.3,1662818780079,1
293800747,0.3547,89.9,1662818780421,0
293800748,0.3547,300.2,1662818780741,0
293800749,0.3547,849.8,1662818781309,0
293800750,0.3547,280.1,1662818781866,0
293800751,0.3547,291.4,1662818782037,0
293800752,0.3547,7048.2,1662818784733,0
293800753,0.3546,28.3,1662818784866,1
293800754,0.3547,397.6,1662818787289,0
293800755,0.3546,628.3,1662818789586,1
293800756,0.3547,50.8,1662818791433,0
293800757,0.3547,296.6,1662818791739,0
293800758,0.3547,272.6,1662818792647,0
293800759,0.3547,288.6,1662818792885,0
293800760,0.3547,34667.7,1662818794098,0
293800761,0.3548,290.9,1662818794298,0
293800762,0.3547,6138.5,1662818794522,1
293800763,0.3547,48.7,1662818795439,1
293800764,0.3547,337.2,1662818796532,1
293800765,0.3547,5000.0,1662818796681,1
293800766,0.3547,15983.8,1662818797019,1
293800767,0.3547,121.6,1662818797323,1
293800768,0.3548,2821.6,1662818797395,0
293800769,0.3547,31.4,1662818798456,1
293800770,0.3547,26.0,1662818798716,1
293800771,0.3547,54609.0,1662818798887,1
293800772,0.3546,28.3,1662818798969,1
293800773,0.3547,14.7,1662818799534,0
293800774,0.3547,397.6,1662818801526,0
293800775,0.3547,289.8,1662818803068,0
293800776,0.3546,28.3,1662818803770,1
293800777,0.3547,265.7,1662818803925,0
293800778,0.3547,290.9,1662818804460,0
293800779,0.3546,2662.3,1662818804907,1
293800780,0.3546,56693.6,1662818808391,1
293800781,0.3546,28.3,1662818808506,1
293800782,0.3547,8000.0,1662818808625,0
293800783,0.3546,3475.4,1662818809002,1
293800784,0.3547,13448.1,1662818812279,0
293800785,0.3548,397.6,1662818812718,0
293800786,0.3548,270.3,1662818812838,0
293800787,0.3547,141.5,1662818813092,1
293800788,0.3548,290.9,1662818813674,0
293800789,0.3548,307.5,1662818813796,0
293800790,0.3548,5032.4,1662818814147,0
293800791,0.3547,36011.8,1662818815366,1
293800792,0.3547,1437.5,1662818815866,0
293800793,0.3546,3993.5,1662818815918,1
293800794,0.3546,28.3,1662818817725,1
293800795,0.3547,309.3,1662818818942,0
293800796,0.3546,38103.2,1662818819577,1
293800797,0.3545,14.4,1662818819629,1
293800798,0.3546,1671.6,1662818819654,0
293800799,0.3545,111446.6,1662818819801,1
293800800,0.3545,290.9,1662818821975,0
293800801,0.3544,28.3,1662818822577,1
293800802,0.3544,8920.0,1662818823621,1
293800803,0.3544,31.0,1662818825280,1
293800804,0.3545,84.7,1662818825416,0
293800805,0.3545,932.5,1662818826039,0
293800806,0.3544,3993.6,1662818826054,1
293800807,0.3544,28.3,1662818827360,1
293800808,0.3544,642.8,1662818828407,1
293800809,0.3545,14.7,1662818828536,0
293800810,0.3545,290.9,1662818830194,0
293800811,0.3544,26881.5,1662818830659,1
293800812,0.3544,29859.0,1662818831362,1
293800813,0.3544,88.0,1662818831608,1
293800814,0.3544,28.3,1662818832083,1
293800815,0.3544,145.1,1662818834150,1
293800816,0.3545,1408.8,1662818835099,0
293800817,0.3545,1571.6,1662818835331,0
293800818,0.3545,31990.5,1662818835633,0
293800819,0.3546,32108.6,1662818836888,0
293800820,0.3545,31949.1,1662818837661,1
293800821,0.3545,10.0,1662818838912,1
293800822,0.3546,290.9,1662818840400,0
293800823,0.3545,32957.2,1662818843095,1
293800824,0.3544,2004.7,1662818845592,1
293800825,0.3545,2292.6,1662818845877,0
293800826,0.3544,28.3,1662818845953,1
293800827,0.3545,290.9,1662818847584,0
293800828,0.3544,22449.5,1662818847679,1
293800829,0.3544,7628.2,1662818850019,0
293800830,0.3543,28.3,1662818850626,1
293800831,0.3543,23961.8,1662818851377,1
293800832,0.3543,37104.0,1662818852068,1
293800833,0.3544,1570.5,1662818852227,0
293800834,0.3544,404.0,1662818852508,0
293800835,0.3544,38401.3,1662818853057,0
293800836,0.3545,35270.8,1662818853368,0
293800837,0.3545,329.9,1662818857209,0
293800838,0.3546,14.7,1662818857535,0
293800839,0.3546,346.2,1662818858459,0
293800840,0.3546,178.5,1662818859139,0
293800841,0.3547,93.3,1662818859897,0
293800842,0.3547,290.9,1662818860785,0
293800843,0.3546,2000.0,1662818861796,1
293800844,0.3547,348.2,1662818861957,0
293800845,0.3547,565.6,1662818862133,0
293800846,0.3546,383.7,1662818862359,1
293800847,0.3546,28.3,1662818864009,1
293800848,0.3547,1256.5,1662818865532,0
293800849,0.3546,143.0,1662818865701,1
293800850,0.3546,3818.8,1662818867989,1
293800851,0.3546,28.3,1662818869004,1
293800852,0.3547,6844.1,1662818870322,0
293800853,0.3547,290.9,1662818872911,0
293800854,0.3547,32317.8,1662818873245,0
293800855,0.3548,53.4,1662818873975,0
293800856,0.3547,1184.4,1662818875783,1
293800857,0.3547,28.3,1662818877930,1
293800858,0.3547,6089.7,1662818878598,1
293800859,0.3548,14.1,1662818880045,0
293800860,0.3547,11264.5,1662818880067,1
293800861,0.3547,421.4,1662818880517,0
293800862,0.3547,347.8,1662818880690,0
293800863,0.3547,565.2,1662818880887,0
293800864,0.3546,28.3,1662818882528,1
293800865,0.3547,14.7,1662818886534,0
293800866,0.3546,28.3,1662818887123,1
293800867,0.3546,15.3,1662818889912,1
293800868,0.3547,2149.9,1662818890787,0
293800869,0.3547,207.4,1662818891521,0
293800870,0.3546,28.3,1662818891692,1
293800871,0.3547,30.0,1662818892955,0
293800872,0.3546,28.3,1662818896209,1
293800873,0.3546,17971.4,1662818896681,1
293800874,0.3546,35508.3,1662818898186,1
293800875,0.3547,73.1,1662818898356,0
293800876,0.3547,7520.6,1662818900201,0
293800877,0.3546,28.3,1662818900708,1
293800878,0.3546,12052.3,1662818901209,1
293800879,0.3545,134705.7,1662818901332,1
293800880,0.3545,70417.2,1662818902724,0
293800881,0.3545,221.7,1662818902916,0
293800882,0.3546,2808.0,1662818903065,0
293800883,0.3546,347.8,1662818903241,0
293800884,0.3545,200.0,1662818903274,1
293800885,0.3546,285.8,1662818903514,0
293800886,0.3546,279.4,1662818903712,0
293800887,0.3545,281.9,1662818904318,1
293800888,0.3546,25.3,1662818905086,0
293800889,0.3545,28.3,1662818905594,1
293800890,0.3545,288.6,1662818906583,1
293800891,0.3545,313.4,1662818907135,1
293800892,0.3545,28.3,1662818910380,1
293800893,0.3545,952.8,1662818911107,1
293800894,0.3545,524.1,1662818912382,1
293800895,0.3545,0.4,1662818913757,1
293800896,0.3545,309.0,1662818914637,1
293800897,0.3546,14.7,1662818915535,0
293800898,0.3546,44.3,1662818916393,0
293800899,0.3545,28.3,1662818919056,1
293800900,0.3546,347.8,1662818922620,0
293800901,0.3546,279.4,1662818922787,0
293800902,0.3546,285.8,1662818922983,0
293800903,0.3545,323.1,1662818923313,1
293800904,0.3545,2.2,1662818925625,1
293800905,0.3545,90189.3,1662818926961,1
293800906,0.3544,28.3,1662818927627,1
293800907,0.3544,200.0,1662818927913,1
293800908,0.3544,3422.2,1662818929159,1
293800909,0.3544,200.0,1662818929515,1
293800910,0.3544,200.0,1662818930309,1
293800911,0.3544,28.3,1662818931813,1
293800912,0.3545,404.0,1662818931914,0
293800913,0.3544,118.7,1662818934175,1
293800914,0.3544,28.3,1662818935947,1
293800915,0.3544,28.3,1662818939983,1
293800916,0.3544,3320.9,1662818941043,1
293800917,0.3545,14219.4,1662818941959,0
293800918,0.3544,28.3,1662818943968,1
293800919,0.3545,14.7,1662818944534,0
293800920,0.3545,2115.0,1662818944903,0
293800921,0.3545,347.8,1662818945062,0
293800922,0.3545,565.2,1662818945219,0
293800923,0.3545,177.7,1662818945519,0
293800924,0.3545,419.0,1662818946053,0
293800925,0.3545,328.6,1662818947650,0
293800926,0.3544,51.1,1662818947744,1
293800927,0.3545,375.1,1662818948268,0
293800928,0.3545,35644.5,1662818948386,0
293800929,0.3546,179.5,1662818948720,0
293800930,0.3546,1056.0,1662818949112,0
293800931,0.3545,915.5,1662818949246,1
293800932,0.3546,186.4,1662818949605,0
293800933,0.3546,28.2,1662818950131,0
293800934,0.3546,7290.6,1662818950258,0
293800935,0.3546,708.7,1662818950395,0
293800936,0.3547,76.7,1662818951262,0
293800937,0.3547,1216.4,1662818951720,0
293800938,0.3547,314.4,1662818952117,0
293800939,0.3547,204.0,1662818952225,0
293800940,0.3546,226.0,1662818952277,1
293800941,0.3547,184.3,1662818952694,0
293800942,0.3547,17.3,1662818952820,0
293800943,0.3547,183.5,1662818953049,0
293800944,0.3547,7873.3,1662818954541,0
293800945,0.3548,107112.8,1662818954554,0
293800946,0.3549,61819.4,1662818954661,0
293800947,0.3549,17760.6,1662818954786,0
293800948,0.3549,31169.7,1662818955033,0
293800949,0.3549,168.4,1662818955169,1
293800950,0.3549,23954.6,1662818955526,1
293800951,0.3549,6786.2,1662818956216,1
293800952,0.3548,84.6,1662818956756,1
293800953,0.3548,28.2,1662818957981,1
293800954,0.3548,745.8,1662818958317,1
293800955,0.3548,31333.9,1662818958483,1
293800956,0.3547,72.3,1662818960656,1
293800957,0.3548,30.0,1662818962854,0
293800958,0.3547,28.2,1662818963011,1
293800959,0.3548,194.8,1662818963351,0
293800960,0.3548,348.1,1662818964209,0
293800961,0.3547,200.4,1662818964643,1
293800962,0.3548,347.8,1662818966137,0
293800963,0.3548,565.2,1662818966326,0
293800964,0.3547,28.2,1662818968029,1
293800965,0.3547,99.6,1662818968306,1
293800966,0.3547,209.6,1662818969553,1
293800967,0.3547,20.0,1662818970583,1
293800968,0.3548,456.3,1662818972422,0
293800969,0.3547,28.2,1662818973040,1
293800970,0.3548,14.7,1662818973534,0
293800971,0.3548,14128.2,1662818976190,0
293800972,0.3548,69366.3,1662818976593,0
293800973,0.3548,1000.0,1662818977127,1
293800974,0.3549,314.2,1662818978364,0
293800975,0.3548,209.1,1662818978668,1
293800976,0.3548,1849.7,1662818979844,1
293800977,0.3548,121.4,1662818981066,1
293800978,0.3549,349.2,1662818981932,0
293800979,0.3548,28.2,1662818982807,1
293800980,0.3548,13050.1,1662818983728,1
293800981,0.3547,7000.0,1662818983729,1
293800982,0.3548,314.2,1662818985460,0
293800983,0.3547,9300.0,1662818986490,1
293800984,0.3547,400.4,1662818986726,1
293800985,0.3547,28.2,1662818988154,1
293800986,0.3547,209.1,1662818988766,1
293800987,0.3547,7482.6,1662818989013,1
293800988,0.3547,347.8,1662818989143,0
293800989,0.3547,285.8,1662818989336,0
293800990,0.3547,279.4,1662818989563,0
293800991,0.3546,122.8,1662818992181,1
293800992,0.3546,28.2,1662818993145,1
293800993,0.3546,24172.4,1662818996060,1
293800994,0.3546,20314.2,1662818997764,0
293800995,0.3545,28.2,1662818998113,1
293800996,0.3545,38610.3,1662818999381,1
293800997,0.3545,1910.0,1662819001899,0
293800998,0.3545,74.0,1662819002041,0
293800999,0.3544,209.1,1662819002058,1
293801000,0.3545,30943.6,1662819002501,0
293801001,0.3546,14.7,1662819002534,0
293801002,0.3545,28.2,1662819003107,1
293801003,0.3545,3349.0,1662819004749,1
293801004,0.3545,14529.7,1662819004933,1
293801005,0.3546,201.2,1662819004960,0
293801006,0.3546,214.0,1662819005192,0
293801007,0.3546,50.0,1662819005480,0
293801008,0.3546,270.2,1662819007701,0
293801009,0.3545,28.2,1662819008082,1
293801010,0.3546,347.8,1662819009281,0
293801011,0.3546,565.2,1662819009487,0
293801012,0.3546,314.2,1662819010883,0
293801013,0.3545,28.2,1662819013049,1
293801014,0.3545,209.1,1662819014246,1
293801015,0.3545,200.0,1662819014726,1
293801016,0.3546,30.0,1662819015099,0
293801017,0.3545,18.1,1662819015475,1
293801018,0.3545,28.2,1662819018037,1
293801019,0.3546,314.2,1662819018067,0
293801020,0.3546,19.7,1662819018771,0
293801021,0.3546,297.0,1662819019884,0
293801022,0.3546,36575.4,1662819020017,0
293801023,0.3546,27.1,1662819021008,0
293801024,0.3545,209.1,1662819022373,1
293801025,0.3545,28.2,1662819023005,1
293801026,0.3545,41668.0,1662819024632,1
293801027,0.3544,27794.6,1662819027521,1
293801028,0.3544,74.5,1662819027743,0
293801029,0.3543,28.2,1662819027944,1
293801030,0.3544,314.2,1662819028179,0
293801031,0.3543,10463.9,1662819028811,1
293801032,0.3543,14.7,1662819031534,0
293801033,0.3543,347.8,1662819031740,0
293801034,0.3543,563.9,1662819031861,0
293801035,0.3543,279.4,1662819032041,0
293801036,0.3542,209.1,1662819032481,1
293801037,0.3542,28.2,1662819032861,1
293801038,0.3542,9115.9,1662819033839,1
293801039,0.3542,879.2,1662819034319,0
293801040,0.3541,200.0,1662819034968,1
293801041,0.3542,220.6,1662819035409,0
293801042,0.3541,2.2,1662819035705,1
293801043,0.3541,492.3,1662819037026,1
293801044,0.3541,28.2,1662819037815,1
293801045,0.3541,1622.4,1662819038922,1
293801046,0.3542,135.8,1662819039020,0
293801047,0.3542,141.2,1662819039636,0
293801048,0.3541,9913.9,1662819040036,1
293801049,0.3542,314.2,1662819040291,0
293801050,0.3541,0.3,1662819040986,1
293801051,0.3541,1421.4,1662819041721,1
293801052,0.3541,28.2,1662819042760,1
293801053,0.3542,299.2,1662819043243,0
293801054,0.3542,50278.8,1662819043979,0
293801055,0.3542,141.2,1662819044813,1
293801056,0.3542,209.1,1662819045668,1
293801057,0.3543,12222.1,1662819046588,0
293801058,0.3542,31.5,1662819047483,1
293801059,0.3543,135.9,1662819050037,0
293801060,0.3542,4846.1,1662819050786,1
293801061,0.3542,28.2,1662819052316,1
293801062,0.3543,314.2,1662819052575,0
293801063,0.3542,209.1,1662819052965,1
293801064,0.3543,347.8,1662819053028,0
293801065,0.3543,827.7,1662819053200,0
293801066,0.3542,28.2,1662819057227,1
293801067,0.3542,20193.9,1662819060017,1
293801068,0.3542,563.3,1662819060221,0
293801069,0.3542,14.7,1662819060535,0
293801070,0.3541,28.2,1662819062113,1
293801071,0.3542,148.2,1662819062283,0
293801072,0.3541,209.1,1662819063164,1
293801073,0.3542,290.7,1662819063596,0
293801074,0.3542,25.5,1662819065680,0
293801075,0.3541,28.2,1662819067018,1
293801076,0.3541,456.6,1662819067526,1
293801077,0.3541,5894.0,1662819069088,1
293801078,0.3541,226.6,1662819071950,1
293801079,0.3542,261.5,1662819073937,0
293801080,0.3541,72.0,1662819076386,1
293801081,0.3541,28.2,1662819077212,1
293801082,0.3541,5000.0,1662819079738,1
293801083,0.3541,58936.7,1662819079890,1
293801084,0.354,82304.2,1662819080021,1
293801085,0.3539,70.5,1662819080021,1
293801086,0.354,177.5,1662819080263,0
293801087,0.3539,15848.2,1662819081070,1
293801088,0.3539,28.2,1662819082064,1
293801089,0.3539,3525.5,1662819083450,1
293801090,0.354,500.0,1662819085039,0
293801091,0.3539,32.3,1662819085424,1
293801092,0.3539,2132.5,1662819086075,1
293801093,0.3539,28.2,1662819086926,1
293801094,0.3539,1186.4,1662819088259,1
293801095,0.354,571.0,1662819089104,0
293801096,0.354,14.7,1662819089536,0
293801097,0.3539,28.2,1662819091759,1
293801098,0.3539,0.7,1662819092443,1
293801099,0.3539,274.5,1662819093552,1
293801100,0.3539,4.4,1662819094514,1
293801101,0.3539,1207.5,1662819094862,1
293801102,0.3539,2.2,1662819095663,1
293801103,0.3539,14.1,1662819095941,1
293801104,0.3539,28.2,1662819096952,1
293801105,0.3539,27.5,1662819097104,1
293801106,0.3539,2049.7,1662819097395,1
293801107,0.354,9303.2,1662819098551,0
293801108,0.354,500.0,1662819098879,0
293801109,0.354,52823.9,1662819099021,0
293801110,0.354,557.0,1662819100743,1
293801111,0.3541,54.0,1662819104007,0
293801112,0.354,10000.0,1662819104131,1
293801113,0.3541,101521.3,1662819106182,0
293801114,0.3542,237895.4,1662819106182,0
293801115,0.3541,9869.5,1662819106258,1
293801116,0.3542,15.3,1662819108728,0
293801117,0.3542,1958.5,1662819109751,0
293801118,0.3542,0.1,1662819109868,0
293801119,0.3541,28.2,1662819111507,1
293801120,0.3542,15251.3,1662819113545,0
293801121,0.3542,124.1,1662819115398,0
293801122,0.3541,28.2,1662819116317,1
293801123,0.3542,121.0,1662819117422,0
293801124,0.3542,14.7,1662819118539,0
293801125,0.3542,13581.2,1662819120683,0
293801126,0.3541,28.2,1662819121094,1
293801127,0.3542,120.5,1662819124555,0
293801128,0.3541,28.2,1662819125874,1
293801129,0.3541,28.2,1662819130994,1
293801130,0.3541,28.2,1662819135722,1
293801131,0.3542,141.1,1662819137244,0
293801132,0.3542,120.5,1662819137777,0
293801133,0.3541,28.2,1662819140821,1
293801134,0.3541,824.0,1662819144020,1
293801135,0.3541,56.4,1662819144435,1
293801136,0.3541,53.8,1662819144576,1
293801137,0.3542,205.7,1662819145032,0
293801138,0.3541,28.2,1662819145508,1
293801139,0.3542,20000.0,1662819146420,0
293801140,0.3542,14.7,1662819147533,0
293801141,0.3542,120.5,1662819148901,0
293801142,0.3541,28.2,1662819150212,1
293801143,0.3541,87060.5,1662819152373,1
293801144,0.3541,295.4,1662819154170,0
293801145,0.354,28.2,1662819154885,1
293801146,0.354,2.2,1662819155820,1
293801147,0.3541,14.2,1662819157061,0
293801148,0.3541,307.3,1662819157615,0
293801149,0.354,28.2,1662819159563,1
293801150,0.354,0.4,1662819159720,1
293801151,0.3541,120.5,1662819162122,0
293801152,0.354,0.7,1662819162516,1
293801153,0.354,28.2,1662819164214,1
293801154,0.3541,121.0,1662819164396,0
293801155,0.354,4.4,1662819164438,1
293801156,0.3541,200.0,1662819166304,0
293801157,0.354,80180.3,1662819166935,1
293801158,0.3539,36060.1,1662819167235,1
293801159,0.3538,1942.9,1662819167360,1
293801160,0.3538,28.2,1662819168841,1
293801161,0.3538,1597.2,1662819171885,1
293801162,0.3538,2269.0,1662819173573,1
293801163,0.3538,28.2,1662819174176,1
293801164,0.3538,2570.1,1662819174311,1
293801165,0.3538,1972.1,1662819174350,0
293801166,0.3538,120.5,1662819174606,0
293801167,0.3538,3742.4,1662819175347,0
293801168,0.3538,14.7,1662819176534,0
293801169,0.3538,508.9,1662819177598,0
293801170,0.3538,94337.7,1662819178490,0
293801171,0.3539,200.0,1662819178596,0
293801172,0.3538,28.2,1662819178734,1
293801173,0.3539,200.0,1662819178853,0
293801174,0.3538,174.6,1662819179175,1
293801175,0.3538,12350.7,1662819180082,1
293801176,0.3539,120.5,1662819182774,0
293801177,0.3538,28.2,1662819183277,1
293801178,0.3538,56.4,1662819184020,1
293801179,0.3538,2774.8,1662819184177,1
293801180,0.3539,120.5,1662819184588,0
293801181,0.3538,28.2,1662819188160,1
293801182,0.3539,177.6,1662819189887,0
293801183,0.3539,6790.6,1662819190639,0
293801184,0.3538,28.2,1662819192634,1
293801185,0.3539,120.5,1662819193814,0
293801186,0.3538,129.6,1662819195644,1
293801187,0.3538,15534.5,1662819196220,1
293801188,0.3537,800.0,1662819196283,1
293801189,0.3538,120.5,1662819196903,0
293801190,0.3537,28.2,1662819197073,1
293801191,0.3537,28320.5,1662819197495,1
293801192,0.3537,761.2,1662819198669,1
293801193,0.3537,134.0,1662819199076,1
293801194,0.3536,36441.4,1662819199077,1
293801195,0.3537,1730.5,1662819200093,0
293801196,0.3536,7028.2,1662819201885,1
293801197,0.3537,177.0,1662819202020,0
293801198,0.3537,120.5,1662819203019,0
293801199,0.3537,120.5,1662819204019,0
293801200,0.3537,14.8,1662819205536,0
293801201,0.3537,17.3,1662819206384,0
293801202,0.3536,28.2,1662819206607,1
293801203,0.3537,381.7,1662819207025,0
293801204,0.3537,205.2,1662819207608,0
293801205,0.3536,1125.2,1662819207844,1
293801206,0.3535,8699.6,1662819210937,1
293801207,0.3536,686.7,1662819211074,0
293801208,0.3535,16.6,1662819214248,1
293801209,0.3535,4.2,1662819214566,1
293801210,0.3535,276.6,1662819215526,1
293801211,0.3535,30.3,1662819215910,1
293801212,0.3536,297.5,1662819216135,0
293801213,0.3536,137.0,1662819217211,0
293801214,0.3535,512.9,1662819218334,1
293801215,0.3534,63.6,1662819218727,1
293801216,0.3534,124.9,1662819219689,1
293801217,0.3535,204.6,1662819219824,0
293801218,0.3534,28.2,1662819220135,1
293801219,0.3534,9263.0,1662819220463,1
293801220,0.3534,12036.4,1662819221000,1
293801221,0.3533,1000.0,1662819221137,1
293801222,0.3533,0.7,1662819222358,1
293801223,0.3534,23170.8,1662819222731,0
293801224,0.3534,88508.2,1662819222840,0
293801225,0.3535,34688.1,1662819222928,0
293801226,0.3534,590.8,1662819223126,1
293801227,0.3535,177.0,1662819223432,0
293801228,0.3534,1885.1,1662819223526,1
293801229,0.3534,70.0,1662819223658,1
293801230,0.3535,57.6,1662819224204,0
293801231,0.3534,28.2,1662819224295,1
293801232,0.3534,213.9,1662819225390,1
293801233,0.3535,120.5,1662819225419,0
293801234,0.3534,1443.7,1662819225696,1
293801235,0.3535,2359.7,1662819226192,0
293801236,0.3536,1035.6,1662819226192,0
293801237,0.3536,204.6,1662819228047,0
293801238,0.3535,28.2,1662819232564,1
293801239,0.3536,340.6,1662819233067,0
293801240,0.3535,4781.7,1662819233226,1
293801241,0.3535,9006.3,1662819233365,0
293801242,0.3534,19000.0,1662819233439,1
293801243,0.3535,120.5,1662819233545,0
293801244,0.3535,143.0,1662819233677,0
293801245,0.3534,553.4,1662819233759,1
293801246,0.3535,14.7,1662819234534,0
293801247,0.3534,1925.4,1662819236516,1
293801248,0.3533,367.2,1662819236516,1
293801249,0.3534,177.0,1662819236658,0
293801250,0.3533,28.2,1662819236890,1
293801251,0.3534,541.9,1662819237185,0
293801252,0.3533,25.8,1662819237205,1
293801253,0.3533,4693.1,1662819237974,1
293801254,0.3534,204.6,1662819238250,0
293801255,0.3534,2100.0,1662819239693,0
293801256,0.3534,66958.9,1662819240226,0
293801257,0.3535,5222.1,1662819240448,0
293801258,0.3534,116.3,1662819240982,1
293801259,0.3534,633.5,1662819242415,1
293801260,0.3535,120.5,1662819243730,0
293801261,0.3534,28.2,1662819244234,1
293801262,0.3535,228.4,1662819244786,0
293801263,0.3535,51.4,1662819245149,0
293801264,0.3535,12724.5,1662819246058,0
293801265,0.3535,34.6,1662819246306,1
293801266,0.3536,16642.1,1662819246951,0
293801267,0.3536,16502.6,1662819247086,0
293801268,0.3537,100.0,1662819247188,0
293801269,0.3537,204.6,1662819247447,0
293801270,0.3537,2003.1,1662819248362,0
293801271,0.3536,84.9,1662819250192,1
293801272,0.3537,449.2,1662819251016,0
293801273,0.3537,40.9,1662819252046,0
293801274,0.3537,51.4,1662819252652,0
293801275,0.3536,55551.1,1662819254053,1
293801276,0.3536,120.5,1662819254931,0
293801277,0.3536,177.0,1662819255916,0
293801278,0.3535,41.7,1662819256137,1
293801279,0.3536,204.6,1662819257591,0
293801280,0.3535,28.3,1662819258471,1
293801281,0.3535,43031.8,1662819259141,1
293801282,0.3534,9358.8,1662819259141,1
293801283,0.3535,541.1,1662819259550,0
293801284,0.3534,17.0,1662819262302,1
293801285,0.3535,28.3,1662819262511,0
293801286,0.3535,603.9,1662819263543,0
293801287,0.3534,28.3,1662819263839,1
293801288,0.3535,177.0,1662819265151,0
293801289,0.3535,204.6,1662819267798,0
293801290,0.3534,626.0,1662819268968,1
293801291,0.3534,28.3,1662819269216,1
293801292,0.3535,2526.9,1662819270494,0
293801293,0.3535,541.1,1662819270747,0
293801294,0.3535,1697.7,1662819271820,0
293801295,0.3534,43.0,1662819274029,1
293801296,0.3534,28.3,1662819274912,1
293801297,0.3535,177.0,1662819276349,0
293801298,0.3535,745.8,1662819278113,0
293801299,0.3535,541.1,1662819279049,0
293801300,0.3534,37.0,1662819279485,1
293801301,0.3534,0.3,1662819279805,1
293801302,0.3534,54.1,1662819280248,1
293801303,0.3534,121793.4,1662819280483,1
293801304,0.3534,204.6,1662819281013,0
293801305,0.3534,34194.0,1662819282942,0
293801306,0.3534,305.9,1662819283141,1
293801307,0.3535,15.0,1662819283458,0
293801308,0.3534,100.0,1662819284026,1
293801309,0.3534,706.4,1662819284452,1
293801310,0.3535,177.0,1662819284559,0
293801311,0.3534,773.0,1662819285469,1
293801312,0.3534,28.3,1662819286301,1
293801313,0.3534,225.0,1662819286842,1
293801314,0.3535,204.6,1662819288279,0
293801315,0.3534,36.6,1662819288532,1
293801316,0.3534,188.7,1662819288769,1
293801317,0.3535,1352.1,1662819289063,0
293801318,0.3535,541.1,1662819290280,0
293801319,0.3535,1861.7,1662819291236,0
293801320,0.3534,10028.3,1662819291602,1
293801321,0.3534,235.2,1662819291755,1
293801322,0.3534,4010.9,1662819292028,1
293801323,0.3535,59.5,1662819292143,0
293801324,0.3535,14.7,1662819292535,0
293801325,0.3534,142.1,1662819293544,1
293801326,0.3535,117.9,1662819294086,0
293801327,0.3534,28.3,1662819296877,1
293801328,0.3535,204.6,1662819297453,0
293801329,0.3534,37.0,1662819297719,1
293801330,0.3534,155.2,1662819298232,1
293801331,0.3535,19.1,1662819300104,0
293801332,0.3535,200.0,1662819301055,0
293801333,0.3535,541.1,1662819301485,0
293801334,0.3535,1000.0,1662819301672,0
293801335,0.3534,136.5,1662819302084,1
293801336,0.3535,21235.0,1662819302357,0
293801337,0.3536,240.8,1662819303843,0
293801338,0.3535,666.5,1662819304351,1
293801339,0.3536,20674.1,1662819304402,0
293801340,0.3536,309.4,1662819305073,1
293801341,0.3536,179.1,1662819305866,1
293801342,0.3536,112.5,1662819306348,1
293801343,0.3536,37.4,1662819306629,1
293801344,0.3537,1977.2,1662819307338,0
293801345,0.3537,2407.7,1662819307476,0
293801346,0.3536,84.3,1662819307620,1
293801347,0.3536,185.7,1662819307868,1
293801348,0.3536,306.9,1662819308033,1
293801349,0.3536,50.4,1662819308206,1
293801350,0.3536,130.2,1662819308519,1
293801351,0.3536,111.9,1662819308727,1
293801352,0.3536,512.9,1662819309151,1
293801353,0.3536,187.4,1662819310013,1
293801354,0.3536,28.3,1662819312591,1
293801355,0.3537,541.1,1662819312700,0
293801356,0.3536,253.1,1662819313473,1
293801357,0.3536,177.8,1662819314051,1
293801358,0.3536,37.8,1662819315697,1
293801359,0.3536,28.3,1662819317860,1
293801360,0.3537,282.4,1662819319224,0
293801361,0.3537,14.7,1662819321545,0
293801362,0.3537,1885.1,1662819322972,0
293801363,0.3536,28.3,1662819323481,1
293801364,0.3536,33.9,1662819323741,1
293801365,0.3537,892.4,1662819324273,0
293801366,0.3537,4558.8,1662819325001,0
293801367,0.3537,31.4,1662819327032,0
293801368,0.3537,110.6,1662819327193,0
293801369,0.3536,183831.3,1662819328237,1
293801370,0.3535,28.3,1662819329076,1
293801371,0.3536,110.6,1662819329868,0
293801372,0.3535,135.6,1662819330132,1
293801373,0.3536,273.8,1662819330410,0
293801374,0.3535,62.0,1662819331766,1
293801375,0.3536,299.8,1662819332188,0
293801376,0.3536,15246.0,1662819332513,0
293801377,0.3537,11357.3,1662819332529,0
293801378,0.3536,110.6,1662819333490,0
293801379,0.3536,181.0,1662819334915,0
293801380,0.3536,14303.0,1662819335414,0
293801381,0.3535,93.0,1662819335790,1
293801382,0.3536,10503.4,1662819337796,0
293801383,0.3537,431.0,1662819337944,0
293801384,0.3537,3020.9,1662819338080,0
293801385,0.3537,541.1,1662819338206,0
293801386,0.3537,72.6,1662819338696,0
293801387,0.3537,95656.0,1662819339721,0
293801388,0.3537,1430.8,1662819339835,0
293801389,0.3538,637.3,1662819340837,0
293801390,0.3538,260.6,1662819341962,0
293801391,0.3538,299.4,1662819343577,0
293801392,0.3537,66.0,1662819347806,1
293801393,0.3538,564.8,1662819348178,0
293801394,0.3537,28.3,1662819349089,1
293801395,0.3538,14.7,1662819350536,0
293801396,0.3537,83.0,1662819351722,1
293801397,0.3538,279.1,1662819353203,0
293801398,0.3537,28.3,1662819354305,1
293801399,0.3537,18.1,1662819354899,1
293801400,0.3538,277.0,1662819355221,0
293801401,0.3537,28.3,1662819359531,1
293801402,0.3538,25.0,1662819361060,0
293801403,0.3538,1887.2,1662819364198,0
293801404,0.3537,28.3,1662819364727,1
293801405,0.3537,306.1,1662819365717,1
293801406,0.3538,302.3,1662819366354,0
293801407,0.3537,70.6,1662819369827,1
293801408,0.3537,28.3,1662819369938,1
293801409,0.3538,38584.9,1662819373103,0
293801410,0.3539,37376.1,1662819373356,0
293801411,0.354,254.8,1662819374388,0
293801412,0.3539,30.0,1662819377131,1
293801413,0.354,308.0,1662819377190,0
293801414,0.354,25.0,1662819378073,0
293801415,0.354,14.7,1662819379536,0
293801416,0.3539,28.3,1662819380022,1
293801417,0.354,371.3,1662819382173,0
293801418,0.354,2971.0,1662819383509,0
293801419,0.3541,663.8,1662819383509,0
293801420,0.354,161.0,1662819384938,1
293801421,0.3541,21475.7,1662819385749,0
293801422,0.354,6888.3,1662819385930,1
293801423,0.3541,6576.2,1662819386455,0
293801424,0.3541,295.7,1662819386924,0
293801425,0.3541,1412.4,1662819387296,0
293801426,0.3542,293.0,1662819387778,0
293801427,0.3542,21.7,1662819387919,0
293801428,0.3542,274.3,1662819388290,0
293801429,0.3541,136.8,1662819388757,1
293801430,0.3542,25.0,1662819391249,0
293801431,0.3542,179.4,1662819391437,0
293801432,0.3542,212.2,1662819393370,0
293801433,0.3542,10.0,1662819394651,0
293801434,0.3541,28.3,1662819395366,1
293801435,0.3542,299.0,1662819395495,0
293801436,0.3542,3943.4,1662819397253,0
293801437,0.3542,290.8,1662819398449,0
293801438,0.3542,274.0,1662819399486,0
293801439,0.3541,89.8,1662819399610,1
293801440,0.3542,292.5,1662819399997,0
293801441,0.3541,28.3,1662819400526,1
293801442,0.3542,340.7,1662819400569,0
293801443,0.3541,236472.9,1662819402707,1
293801444,0.354,2260.1,1662819402762,1
293801445,0.3541,305.0,1662819405466,0
293801446,0.354,28.3,1662819405667,1
293801447,0.354,1353.6,1662819407061,1
293801448,0.3541,274.0,1662819407686,0
293801449,0.3541,14.7,1662819408535,0
293801450,0.3541,273.4,1662819409203,0
293801451,0.354,1464.0,1662819410348,1
293801452,0.354,28.3,1662819410801,1
293801453,0.3541,292.5,1662819411185,0
293801454,0.354,28.3,1662819415935,1
293801455,0.3541,257.9,1662819416447,0
293801456,0.3541,19.7,1662819417606,0
293801457,0.3541,296.5,1662819418959,0
293801458,0.354,28.3,1662819421040,1
293801459,0.3541,274.0,1662819421893,0
293801460,0.3541,200.0,1662819423081,0
293801461,0.3541,349.1,1662819423303,0
293801462,0.3541,32445.1,1662819423668,0
293801463,0.3542,261.9,1662819426715,0
293801464,0.3542,295.0,1662819429444,0
293801465,0.3542,25.0,1662819429691,0
293801466,0.3541,1972.1,1662819431217,1
293801467,0.3541,28.3,1662819431356,1
293801468,0.3542,292.5,1662819431519,0
293801469,0.3542,43.6,1662819431948,0
293801470,0.3542,64.4,1662819432465,0
293801471,0.3541,722.6,1662819432652,1
293801472,0.3542,274.0,1662819434018,0
293801473,0.3542,100.0,1662819434866,0
293801474,0.3541,43702.0,1662819435161,1
293801475,0.3541,28.3,1662819436433,1
293801476,0.3542,254.4,1662819437386,0
293801477,0.3542,14.7,1662819437540,0
293801478,0.3541,196.0,1662819439675,1
293801479,0.3542,52390.6,1662819440012,0
293801480,0.3542,17.7,1662819440181,0
293801481,0.3541,163.0,1662819440718,1
293801482,0.3542,261.5,1662819440769,0
293801483,0.3541,3013.7,1662819441112,1
293801484,0.3541,28.3,1662819441498,1
293801485,0.3542,67.0,1662819442735,0
293801486,0.3542,274.0,1662819443149,0
293801487,0.3542,292.5,1662819443637,0
293801488,0.3542,116.3,1662819445103,0
293801489,0.3542,450.5,1662819446269,0
293801490,0.3541,28.3,1662819446549,1
293801491,0.3541,209.0,1662819446731,1
293801492,0.3542,16.0,1662819449192,0
293801493,0.3542,25.0,1662819450207,0
293801494,0.3542,274.0,1662819450425,0
293801495,0.3542,296.7,1662819450758,0
293801496,0.3542,292.5,1662819450953,0
293801497,0.3542,209.0,1662819451555,0
293801498,0.3541,28.3,1662819451585,1
293801499,0.3542,316.0,1662819451957,0
293801500,0.3541,14566.0,1662819452164,1
293801501,0.3541,16266.3,1662819452278,1
293801502,0.3541,72138.9,1662819453146,0
293801503,0.3542,14.3,1662819455589,0
293801504,0.3541,28.3,1662819456601,1
293801505,0.3542,292.5,1662819459245,0
293801506,0.3541,150.2,1662819459348,1
293801507,0.3542,212.5,1662819460210,0
293801508,0.3542,274.0,1662819460609,0
293801509,0.3541,5607.7,1662819461360,1
293801510,0.3541,28.3,1662819461980,1
293801511,0.3542,200.0,1662819462379,0
293801512,0.3541,600.0,1662819463614,1
293801513,0.3542,456.1,1662819465614,0
293801514,0.3541,2.3,1662819465738,1
293801515,0.3542,14.7,1662819466534,0
293801516,0.3541,28.3,1662819466964,1
293801517,0.3541,794.7,1662819467623,1
293801518,0.3541,24183.9,1662819467800,1
293801519,0.3541,25.0,1662819468064,0
293801520,0.354,9698.9,1662819468764,1
293801521,0.3541,274.0,1662819468818,0
293801522,0.354,9040.5,1662819469297,1
293801523,0.354,0.3,1662819469819,1
293801524,0.3541,15.5,1662819470557,0
293801525,0.354,28.3,1662819471914,1
293801526,0.3541,292.5,1662819472377,0
293801527,0.354,28.3,1662819477239,1
293801528,0.3541,1371.5,1662819480370,0
293801529,0.354,28.3,1662819482133,1
293801530,0.3541,274.0,1662819483013,0
293801531,0.3541,50.3,1662819484586,0
293801532,0.3541,292.5,1662819485497,0
293801533,0.354,7060.1,1662819486116,1
293801534,0.354,28.3,1662819487003,1
293801535,0.3541,270.1,1662819488668,0
293801536,0.354,161.7,1662819490527,1
293801537,0.354,28.3,1662819491862,1
293801538,0.3541,28.2,1662819491994,0
293801539,0.354,2310.0,1662819493132,1
293801540,0.354,1879.0,1662819493583,1
293801541,0.354,49959.3,1662819495239,1
293801542,0.354,14.7,1662819495535,0
293801543,0.354,207.4,1662819496891,0
293801544,0.3539,28.3,1662819497063,1
293801545,0.3539,28.3,1662819501849,1
293801546,0.3539,67087.7,1662819505010,1
293801547,0.3538,121.4,1662819505318,1
293801548,0.3538,37255.7,1662819505435,1
293801549,0.3538,637.2,1662819506803,0
293801550,0.3537,28.3,1662819507057,1
293801551,0.3537,9843.4,1662819508434,1
293801552,0.3537,84.8,1662819508542,0
293801553,0.3536,200.0,1662819509486,1
293801554,0.3537,11633.8,1662819510290,0
293801555,0.3537,37.2,1662819510636,0
293801556,0.3536,200.0,1662819511312,1
293801557,0.3536,18.3,1662819511641,1
293801558,0.3536,28.3,1662819511809,1
293801559,0.3536,0.7,1662819512368,1
293801560,0.3536,4.4,1662819514469,1
293801561,0.3536,2.1,1662819515622,1
293801562,0.3536,28.3,1662819516444,1
293801563,0.3536,0.4,1662819519702,1
293801564,0.3537,64702.0,1662819520421,0
293801565,0.3538,258.7,1662819521115,0
293801566,0.3537,566.0,1662819522200,1
293801567,0.3538,14.7,1662819524535,0
293801568,0.3537,28.3,1662819525370,1
293801569,0.3538,1316.3,1662819525858,0
293801570,0.3538,52.5,1662819528253,0
293801571,0.3538,14.2,1662819529819,0
293801572,0.3537,28.3,1662819530320,1
293801573,0.3538,27.8,1662819530697,0
293801574,0.3538,187.9,1662819531522,0
293801575,0.3537,315.5,1662819534494,1
293801576,0.3537,28.3,1662819534744,1
293801577,0.3538,660.3,1662819534964,0
293801578,0.3538,650.3,1662819535533,0
293801579,0.3538,443.0,1662819536656,0
293801580,0.3538,194.8,1662819538180,0
293801581,0.3537,28.3,1662819539087,1
293801582,0.3538,2846.8,1662819539159,0
293801583,0.3537,96.5,1662819539167,1
293801584,0.3538,49735.7,1662819539221,0
293801585,0.3538,271.1,1662819539352,1
293801586,0.3538,829.0,1662819539818,1
293801587,0.3538,22020.3,1662819540406,1
293801588,0.3539,1186.4,1662819542378,0
293801589,0.3538,28.3,1662819543336,1
293801590,0.3538,126.8,1662819544571,1
293801591,0.3538,215.9,1662819544969,1
293801592,0.3539,29.3,1662819545891,0
293801593,0.3538,41.4,1662819547418,1
293801594,0.3538,214.0,1662819548500,1
293801595,0.3539,1000.0,1662819548704,0
293801596,0.3539,9027.8,1662819549918,0
293801597,0.3538,126.9,1662819551379,1
293801598,0.3538,212.2,1662819551821,1
293801599,0.3538,21828.3,1662819552327,1
293801600,0.3538,14.7,1662819553535,0
293801601,0.3538,29.5,1662819554753,0
293801602,0.3538,29.8,1662819554900,0
293801603,0.3538,69734.5,1662819562705,0
293801604,0.3538,28.3,1662819563354,1
293801605,0.3539,141.5,1662819565024,0
293801606,0.3538,210.4,1662819565558,1
293801607,0.3538,126.9,1662819566311,1
293801608,0.3538,28.2,1662819566759,1
293801609,0.3539,48.9,1662819567365,0
293801610,0.3538,6576.2,1662819567742,1
293801611,0.3538,279.0,1662819569924,1
293801612,0.3539,61.5,1662819570167,0
293801613,0.3539,74.1,1662819571058,0
293801614,0.3539,28.3,1662819573715,0
293801615,0.3538,28.3,1662819574499,1
293801616,0.3539,34.3,1662819576648,0
293801617,0.3539,3669.3,1662819578703,0
293801618,0.354,5479.7,1662819580145,0
293801619,0.3541,14.7,1662819582533,0
293801620,0.3541,140.4,1662819582824,0
293801621,0.3541,59.0,1662819583310,0
293801622,0.3541,829.0,1662819584054,0
293801623,0.3541,16.9,1662819584227,0
293801624,0.3541,169.4,1662819586119,0
293801625,0.3541,302.8,1662819587256,0
293801626,0.3541,4214.7,1662819588688,0
293801627,0.354,28.3,1662819591144,1
293801628,0.354,57015.4,1662819592394,1
293801629,0.354,994.5,1662819592416,0
293801630,0.354,70.6,1662819592647,0
293801631,0.3539,140.7,1662819592764,1
293801632,0.3539,28.3,1662819596854,1
293801633,0.354,367.4,1662819598772,0
293801634,0.3539,126.9,1662819601234,1
293801635,0.3539,741.8,1662819601665,1
293801636,0.3539,28.3,1662819602562,1
293801637,0.354,43737.1,1662819603958,0
293801638,0.354,354.6,1662819604397,1
293801639,0.3541,279.5,1662819607256,0
293801640,0.354,367.4,1662819610084,1
293801641,0.3541,14.7,1662819611535,0
293801642,0.354,28.3,1662819613650,1
293801643,0.3541,564.8,1662819615598,0
293801644,0.3541,256.9,1662819617201,0
293801645,0.354,28.3,1662819619352,1
293801646,0.354,126.9,1662819622990,1
293801647,0.354,28.3,1662819625035,1
293801648,0.3541,100.0,1662819627838,0
293801649,0.3541,283.4,1662819628568,0
293801650,0.3541,66039.7,1662819629280,0
293801651,0.3542,155.4,1662819630214,0
293801652,0.3542,449.9,1662819631075,0
293801653,0.3541,126.9,1662819631308,1
293801654,0.3542,294.0,1662819632228,0
293801655,0.3542,320.4,1662819632843,0
293801656,0.3541,84.8,1662819632906,1
293801657,0.3541,192.0,1662819633145,1
293801658,0.3542,212.3,1662819633649,0
293801659,0.3542,100.3,1662819633769,0
293801660,0.3542,24.7,1662819635555,0
293801661,0.3541,28.3,1662819636121,1
293801662,0.3542,15.8,1662819636158,0
293801663,0.3541,135.3,1662819636854,1
293801664,0.3542,254.9,1662819638772,0
293801665,0.3541,383.9,1662819639056,1
293801666,0.3541,211.8,1662819639695,1
293801667,0.3542,14.7,1662819640538,0
293801668,0.3541,28.3,1662819641786,1
293801669,0.3541,6954.3,1662819642385,1
293801670,0.3541,54385.0,1662819642498,1
293801671,0.354,126.9,1662819642510,1
293801672,0.354,140.7,1662819642804,1
293801673,0.3541,603.0,1662819643264,0
293801674,0.3541,298.6,1662819644425,0
293801675,0.3541,360.9,1662819645471,0
293801676,0.354,28.3,1662819647437,1
293801677,0.3541,301.9,1662819650217,0
293801678,0.354,200.0,1662819650302,1
293801679,0.3541,161.7,1662819651003,0
293801680,0.354,200.0,1662819651061,1
293801681,0.354,126.9,1662819651933,1
293801682,0.354,28.3,1662819653077,1
293801683,0.3541,309.8,1662819656204,0
293801684,0.354,28.3,1662819658743,1
293801685,0.354,1551.0,1662819660112,1
293801686,0.3541,277.0,1662819660983,0
293801687,0.354,125.9,1662819661570,1
293801688,0.354,28.3,1662819664357,1
293801689,0.354,8983.7,1662819665398,1
293801690,0.354,28.5,1662819665900,1
293801691,0.354,200.0,1662819666751,1
293801692,0.3541,274.2,1662819666989,0
293801693,0.354,55.2,1662819667989,1
293801694,0.354,360.9,1662819669170,1
293801695,0.3541,14.7,1662819669535,0
293801696,0.354,28.3,1662819669983,1
293801697,0.3541,222.5,1662819670068,0
293801698,0.3541,293.2,1662819670792,0
293801699,0.354,11.0,1662819671404,1
293801700,0.354,5.9,1662819671580,1
293801701,0.354,8519.8,1662819674140,1
293801702,0.3541,11056.9,1662819675014,0
293801703,0.354,28.3,1662819675614,1
293801704,0.3541,305.0,1662819677908,0
293801705,0.354,11181.2,1662819679722,1
293801706,0.3541,308.5,1662819680960,0
293801707,0.354,28.3,1662819681278,1
293801708,0.354,1237.0,1662819682120,1
293801709,0.354,50299.9,1662819682364,1
293801710,0.3539,200.0,1662819683341,1
293801711,0.354,353.5,1662819686349,0
293801712,0.3539,28.3,1662819686863,1
293801713,0.354,271.7,1662819689279,0
293801714,0.354,30.0,1662819689972,0
293801715,0.354,271.0,1662819691980,0
293801716,0.354,91.9,1662819692433,0
293801717,0.3539,28.3,1662819692439,1
293801718,0.354,824.4,1662819692592,0
293801719,0.354,89.3,1662819693203,0
293801720,0.3539,28.3,1662819698025,1
293801721,0.354,14.7,1662819698543,0
293801722,0.354,87835.2,1662819700247,0
293801723,0.354,449.9,1662819701276,1
293801724,0.3541,588.1,1662819702080,0
293801725,0.3541,1366.7,1662819702333,0
293801726,0.354,353.5,1662819705988,1
293801727,0.354,28.3,1662819708853,1
293801728,0.3541,291.4,1662819711247,0
293801729,0.3541,287.7,1662819711840,0
293801730,0.354,269.2,1662819713326,1
293801731,0.354,28.3,1662819714412,1
293801732,0.354,637.2,1662819715859,1
293801733,0.354,81856.0,1662819718871,1
293801734,0.3539,28.3,1662819719964,1
293801735,0.354,550.4,1662819722184,0
293801736,0.3539,1191.1,1662819723924,1
293801737,0.354,56.4,1662819724622,0
293801738,0.3539,28.3,1662819725485,1
293801739,0.354,14.7,1662819727535,0
293801740,0.3539,28.3,1662819730990,1
293801741,0.354,160.8,1662819731025,0
293801742,0.354,2047.8,1662819732038,0
293801743,0.354,361.6,1662819732218,0
293801744,0.354,224.8,1662819732649,0
293801745,0.354,17410.4,1662819732952,0
293801746,0.354,4946.1,1662819734671,0
293801747,0.354,740.2,1662819735541,0
293801748,0.3539,28.3,1662819736485,1
293801749,0.3539,28.3,1662819741970,1
293801750,0.354,394.0,1662819742013,0
293801751,0.354,298.5,1662819742273,0
293801752,0.354,283.8,1662819746147,0
293801753,0.3539,28.3,1662819747460,1
293801754,0.354,282.4,1662819748055,0
293801755,0.354,58.8,1662819751705,0
293801756,0.354,1000.0,1662819752101,0
293801757,0.3539,28.3,1662819752905,1
293801758,0.354,267.8,1662819753214,0
293801759,0.354,100.0,1662819753932,0
293801760,0.3539,947.4,1662819754331,1
293801761,0.3539,135106.0,1662819754829,1
293801762,0.3539,14.7,1662819756544,0
293801763,0.3538,3270.8,1662819757103,1
293801764,0.3538,28.3,1662819758381,1
293801765,0.3538,0.3,1662819759693,1
293801766,0.3538,892.4,1662819761069,1
293801767,0.3539,129.3,1662819763016,0
293801768,0.3538,28.3,1662819763810,1
293801769,0.3538,2.1,1662819765792,1
293801770,0.3538,0.7,1662819766922,1
293801771,0.3538,28.3,1662819769236,1
293801772,0.3538,65764.8,1662819769499,1
293801773,0.3537,383.8,1662819771981,1
293801774,0.3537,28.3,1662819774631,1
293801775,0.3538,8085.2,1662819774814,0
293801776,0.3538,14500.0,1662819778867,0
293801777,0.3538,49888.0,1662819779031,0
293801778,0.3538,726.8,1662819779275,1
293801779,0.3538,476.5,1662819780580,1
293801780,0.3538,556.2,1662819781706,1
293801781,0.3539,25.0,1662819781789,0
293801782,0.3539,20872.0,1662819783038,0
293801783,0.3539,4327.4,1662819783472,0
293801784,0.3538,127.5,1662819784204,1
293801785,0.3538,28.3,1662819785183,1
293801786,0.3539,14.7,1662819785535,0
293801787,0.3538,28.3,1662819790519,1
293801788,0.3539,127.3,1662819792734,0
293801789,0.3538,28.3,1662819796210,1
293801790,0.3539,4555.5,1662819798439,0
293801791,0.3539,4228.8,1662819800011,0
293801792,0.3538,28.3,1662819801469,1
293801793,0.3539,24397.2,1662819804672,0
293801794,0.354,1241.2,1662819811450,0
293801795,0.3539,28.3,1662819811644,1
293801796,0.354,14.7,1662819814534,0
293801797,0.3539,863.6,1662819815435,1
293801798,0.3539,28.3,1662819816853,1
293801799,0.3539,6220.8,1662819819277,1
293801800,0.3539,28.3,1662819822009,1
293801801,0.3539,43069.1,1662819823676,1
293801802,0.3538,28.3,1662819827873,1
293801803,0.3539,8476.9,1662819829110,0
293801804,0.3538,28.3,1662819832770,1
293801805,0.3539,79009.1,1662819836150,0
293801806,0.354,15024.2,1662819838037,0
293801807,0.3541,14.7,1662819843534,0
293801808,0.3541,1409.7,1662819844936,0
293801809,0.354,48.4,1662819846707,1
293801810,0.354,567.3,1662819847114,1
293801811,0.3541,516.5,1662819849010,0
293801812,0.354,141.2,1662819853153,1
293801813,0.3541,6268.6,1662819858289,0
293801814,0.3541,250.0,1662819858545,1
293801815,0.3542,23.0,1662819859752,0
293801816,0.3542,105.0,1662819859956,0
293801817,0.3541,28.3,1662819859966,1
293801818,0.3542,63.1,1662819860125,0
293801819,0.3541,69.6,1662819863938,1
293801820,0.3542,1462.5,1662819865315,0
293801821,0.3541,28.3,1662819866474,1
293801822,0.3542,3799.5,1662819867990,0
293801823,0.3541,3634.8,1662819870359,1
293801824,0.3542,1268.6,1662819870374,0
293801825,0.3541,0.3,1662819870802,1
293801826,0.3541,83.6,1662819871708,1
293801827,0.3542,14.7,1662819872536,0
293801828,0.3541,28.3,1662819873007,1
293801829,0.3541,68245.2,1662819873755,1
293801830,0.3541,45078.2,1662819877067,0
293801831,0.3541,3243.5,1662819878706,0
293801832,0.354,149.8,1662819879066,1
293801833,0.354,28.3,1662819879472,1
293801834,0.354,970.9,1662819880510,1
293801835,0.354,28.3,1662819885939,1
293801836,0.354,2824.8,1662819887170,1
293801837,0.3541,28.2,1662819888085,0
293801838,0.354,28.3,1662819892421,1
293801839,0.354,15.1,1662819893326,1
293801840,0.3541,4222.9,1662819895092,0
293801841,0.3541,622.3,1662819898056,0
293801842,0.354,805.7,1662819898936,1
293801843,0.354,28.3,1662819899263,1
293801844,0.3541,14.7,1662819901546,0
293801845,0.3541,36.0,1662819902049,0
293801846,0.354,297.5,1662819904376,1
293801847,0.354,117.4,1662819904537,1
293801848,0.354,1297.4,1662819905304,1
293801849,0.354,28.3,1662819905688,1
293801850,0.3541,255.5,1662819907494,0
293801851,0.354,28.3,1662819912156,1
293801852,0.3541,26509.5,1662819913614,0
293801853,0.3541,84.7,1662819913994,1
293801854,0.3542,47.7,1662819914222,0
293801855,0.3542,546.9,1662819915164,0
293801856,0.3542,301.2,1662819917740,0
293801857,0.3542,378.6,1662819923119,0
293801858,0.3541,28.3,1662819924698,1
293801859,0.3541,4058.9,1662819924894,1
293801860,0.3542,169.3,1662819925643,0
293801861,0.3542,270.6,1662819928298,0
293801862,0.3542,15.9,1662819929572,0
293801863,0.3542,14.8,1662819930534,0
293801864,0.3541,28.3,1662819931183,1
293801865,0.3542,292.3,1662819932039,0
293801866,0.3542,2629.8,1662819933637,0
293801867,0.3542,875.6,1662819936442,0
293801868,0.3541,258.3,1662819937303,1
293801869,0.3542,125.6,1662819937337,0
293801870,0.3541,28.3,1662819937575,1
293801871,0.3542,294.9,1662819939212,0
293801872,0.3542,26.8,1662819939596,0
293801873,0.3542,2926.6,1662819942059,0
293801874,0.3542,293.0,1662819942240,0
293801875,0.3542,33.1,1662819944144,0
293801876,0.3541,28.3,1662819944331,1
293801877,0.3542,27.5,1662819946334,0
293801878,0.3542,125.6,1662819948608,0
293801879,0.3542,202.6,1662819949537,0
293801880,0.3542,296.7,1662819950079,0
293801881,0.3541,28.3,1662819950721,1
293801882,0.3541,106.0,1662819952908,1
293801883,0.3542,264.3,1662819952985,0
293801884,0.3542,141.2,1662819953463,0
293801885,0.3542,113.0,1662819954261,0
293801886,0.3541,28.2,1662819956390,1
293801887,0.3541,28.3,1662819957120,1
293801888,0.3542,6196.4,1662819958363,0
293801889,0.3541,246.3,1662819958529,1
293801890,0.3542,14.7,1662819959534,0
293801891,0.3541,36481.5,1662819959721,1
293801892,0.354,614.8,1662819960060,1
293801893,0.3541,303.3,1662819960859,0
293801894,0.354,28.3,1662819963481,1
293801895,0.3541,303.8,1662819963813,0
293801896,0.354,657.5,1662819965576,1
293801897,0.3541,125.6,1662819967634,0
293801898,0.354,28.3,1662819969822,1
293801899,0.3541,738.1,1662819970661,0
293801900,0.354,618.1,1662819971206,1
293801901,0.3541,288.4,1662819971728,0
293801902,0.354,19.1,1662819971915,1
293801903,0.354,35.9,1662819972209,1
293801904,0.3541,259.2,1662819972300,0
293801905,0.3541,86.4,1662819972404,0
293801906,0.3541,172.8,1662819972543,0
293801907,0.3541,43.2,1662819972694,0
293801908,0.3541,320.8,1662819974603,0
293801909,0.354,404.0,1662819975258,1
293801910,0.354,28.3,1662819976210,1
293801911,0.354,56.3,1662819976922,1
293801912,0.3541,49114.0,1662819977811,0
293801913,0.3542,125.6,1662819977937,0
293801914,0.3541,84.6,1662819979901,1
293801915,0.3542,295.3,1662819982197,0
293801916,0.3541,41.6,1662819983826,1
293801917,0.3542,2000.0,1662819985369,0
293801918,0.3542,63.1,1662819985692,0
293801919,0.3542,277.8,1662819985853,0
293801920,0.3542,125.6,1662819986041,0
293801921,0.3542,14.7,1662819988535,0
293801922,0.3541,28.3,1662819988556,1
293801923,0.3541,105445.1,1662819990107,1
293801924,0.3541,270.6,1662819992310,0
293801925,0.354,50.0,1662819992519,1
293801926,0.3541,125.6,1662819994182,0
293801927,0.354,28.3,1662819994861,1
293801928,0.3541,298.6,1662819996026,0
293801929,0.354,12177.4,1662819996124,1
293801930,0.354,282.4,1662819998107,1
293801931,0.354,28.3,1662820001203,1
293801932,0.3541,256.7,1662820002658,0
293801933,0.3541,125.6,1662820003360,0
293801934,0.3541,295.2,1662820006946,0
293801935,0.354,28.3,1662820007481,1
293801936,0.3541,125.6,1662820010648,0
293801937,0.3541,307.2,1662820012052,0
293801938,0.354,28.3,1662820013752,1
293801939,0.3541,2998.0,1662820017239,0
293801940,0.3541,14.7,1662820017536,0
293801941,0.3541,275.1,1662820017711,0
293801942,0.354,28.3,1662820020019,1
293801943,0.3541,290.4,1662820022248,0
293801944,0.354,2823.2,1662820022707,1
293801945,0.354,28.2,1662820025817,1
293801946,0.3541,282.5,1662820026180,0
293801947,0.354,28.3,1662820026247,1
293801948,0.3541,472.8,1662820027319,0
293801949,0.3541,291.5,1662820028344,0
293801950,0.354,164.5,1662820029493,1
293801951,0.354,28.3,1662820032478,1
293801952,0.3541,43.2,1662820032674,0
293801953,0.3541,223.5,1662820032917,0
293801954,0.3541,16949.3,1662820033984,0
293801955,0.3541,28660.0,1662820034099,0
293801956,0.3542,43.2,1662820034513,0
293801957,0.3542,86.4,1662820034622,0
293801958,0.3542,43.2,1662820034902,0
293801959,0.3541,14110.0,1662820035110,1
293801960,0.3541,14110.0,1662820035695,1
293801961,0.3541,14110.0,1662820035812,1
293801962,0.3542,403.3,1662820040017,0
293801963,0.3541,404.3,1662820040640,1
293801964,0.3542,5000.0,1662820041252,0
293801965,0.3542,458.8,1662820045808,0
293801966,0.3542,14.7,1662820046535,0
293801967,0.3541,2831.8,1662820047347,1
293801968,0.3542,458.8,1662820048330,0
293801969,0.3542,34244.0,1662820049558,0
293801970,0.3543,258.2,1662820049620,0
293801971,0.3542,12671.6,1662820049627,1
293801972,0.3543,20.0,1662820050911,0
293801973,0.3543,407.6,1662820052073,0
293801974,0.3542,443.0,1662820052073,1
293801975,0.3542,1411.6,1662820052643,1
293801976,0.3543,43.9,1662820053196,0
293801977,0.3543,458.7,1662820053554,0
293801978,0.3543,255.5,1662820054030,0
293801979,0.3542,282.2,1662820054350,1
293801980,0.3542,48056.0,1662820055232,1
293801981,0.3542,29221.7,1662820055375,1
293801982,0.3542,28.3,1662820056485,1
293801983,0.3542,2118.6,1662820057346,1
293801984,0.3542,587.9,1662820057721,1
293801985,0.3543,242.6,1662820058321,0
293801986,0.3542,42.0,1662820058491,1
293801987,0.3542,1438.3,1662820060136,1
293801988,0.3543,179.3,1662820060201,0
293801989,0.3542,28.3,1662820062669,1
293801990,0.3542,10509.7,1662820062823,1
293801991,0.3543,1411.2,1662820062893,0
293801992,0.3542,80.3,1662820062904,1
293801993,0.3543,748.7,1662820064727,0
293801994,0.3542,200648.6,1662820067004,1
293801995,0.3542,458.7,1662820067557,0
293801996,0.3542,154.3,1662820068258,0
293801997,0.3541,28.3,1662820068865,1
293801998,0.3542,329.6,1662820069646,0
293801999,0.3542,458.8,1662820070262,0
293802000,0.3541,2257.1,1662820071070,1
293802001,0.3542,458.8,1662820072635,0
293802002,0.3542,2614.9,1662820073153,0
293802003,0.3541,28.3,1662820075006,1
293802004,0.3541,385.6,1662820075143,1
293802005,0.3542,14.7,1662820075534,0
293802006,0.3542,80.3,1662820075728,0
293802007,0.3542,458.8,1662820077178,0
293802008,0.3541,4453.3,1662820079284,1
293802009,0.354,8661.6,1662820079285,1
293802010,0.354,800.0,1662820079386,1
293802011,0.3541,458.8,1662820079460,0
293802012,0.354,28.3,1662820081151,1
293802013,0.3541,458.9,1662820081718,0
293802014,0.354,675.6,1662820082820,1
293802015,0.354,43.7,1662820083167,1
293802016,0.3541,100.0,1662820084264,0
293802017,0.354,882.7,1662820085354,1
293802018,0.354,28.3,1662820087277,1
293802019,0.3541,6441.3,1662820088582,0
293802020,0.354,1411.2,1662820088867,1
293802021,0.354,2333.0,1662820091670,1
293802022,0.354,28.3,1662820093385,1
293802023,0.3541,16.8,1662820094042,0
293802024,0.354,2428.9,1662820094053,1
293802025,0.354,19.9,1662820095141,1
293802026,0.354,73836.4,1662820096760,1
293802027,0.3539,6441.3,1662820097326,1
293802028,0.354,610.0,1662820097974,0
293802029,0.354,4462.0,1662820098794,0
293802030,0.3539,28.3,1662820099846,1
293802031,0.354,282.0,1662820100375,0
293802032,0.3539,141.2,1662820101292,1
293802033,0.3539,2619.3,1662820102280,1
293802034,0.354,2527.8,1662820102824,0
293802035,0.354,849.4,1662820103773,0
293802036,0.354,14.7,1662820104544,0
293802037,0.3539,28.3,1662820105812,1
293802038,0.3539,1412.4,1662820107520,1
293802039,0.3539,245.4,1662820108749,1
293802040,0.3539,141.5,1662820110829,1
293802041,0.3539,28.3,1662820111770,1
293802042,0.3539,290.2,1662820113174,1
293802043,0.3539,4.1,1662820114550,1
293802044,0.3539,0.6,1662820116721,1
293802045,0.3539,2.0,1662820117158,1
293802046,0.3539,28.3,1662820117655,1
293802047,0.3539,1000.0,1662820117926,1
293802048,0.3539,22831.4,1662820118631,1
293802049,0.3538,143.4,1662820121568,1
293802050,0.3539,13114.9,1662820122625,0
293802051,0.3538,28.3,1662820123473,1
293802052,0.3538,685.1,1662820124758,1
293802053,0.3539,64.9,1662820124843,0
293802054,0.3538,184.2,1662820126996,1
293802055,0.3538,28.3,1662820129260,1
293802056,0.3538,41.8,1662820131739,1
293802057,0.3539,14.7,1662820133536,0
293802058,0.3539,3072.6,1662820134635,0
293802059,0.3538,28.3,1662820134990,1
293802060,0.3539,698.6,1662820135718,0
293802061,0.3539,56329.4,1662820140107,0
293802062,0.3539,706.4,1662820141069,1
293802063,0.3539,480.1,1662820141999,1
293802064,0.3539,4172.0,1662820142741,1
293802065,0.3539,37.3,1662820145898,1
293802066,0.3539,4128.7,1662820148544,1
293802067,0.354,457.7,1662820151417,0
293802068,0.3539,1241.2,1662820155809,1
293802069,0.3539,1287.1,1662820156038,1
293802070,0.354,700.0,1662820158974,0
293802071,0.3539,28.3,1662820161379,1
293802072,0.354,85.3,1662820161558,0
293802073,0.3539,222.6,1662820162435,1
293802074,0.354,14.7,1662820162535,0
293802075,0.3539,115.9,1662820165664,1
293802076,0.3539,51.1,1662820166155,1
293802077,0.354,2333.0,1662820167378,0
293802078,0.3539,28.3,1662820169301,1
293802079,0.3539,0.3,1662820170840,1
293802080,0.3539,329.6,1662820171827,1
293802081,0.3539,4.0,1662820174785,1
293802082,0.3539,0.7,1662820176837,1
293802083,0.3539,28.3,1662820177206,1
293802084,0.3539,2.0,1662820177804,1
293802085,0.3539,56.5,1662820182754,1
293802086,0.3539,28.3,1662820185121,1
293802087,0.354,46060.0,1662820188019,0
293802088,0.3541,40980.4,1662820188163,0
293802089,0.3541,252.4,1662820189245,1
293802090,0.3541,14.9,1662820189372,1
293802091,0.3541,472.8,1662820190083,1
293802092,0.3542,14.7,1662820191537,0
293802093,0.3542,108330.7,1662820191794,0
293802094,0.3542,169.4,1662820192387,1
293802095,0.3542,5989.0,1662820195674,1
293802096,0.3542,41579.6,1662820199172,1
293802097,0.3541,140.7,1662820199356,1
293802098,0.3541,28.3,1662820200601,1
293802099,0.3542,33.4,1662820202081,0
293802100,0.3542,28.2,1662820202447,0
293802101,0.3541,289.5,1662820203236,1
293802102,0.3541,1206.6,1662820203941,1
293802103,0.3542,65.2,1662820204961,0
293802104,0.3542,58.0,1662820205146,0
293802105,0.3542,77.3,1662820205985,0
293802106,0.3542,263.6,1662820207185,0
293802107,0.3541,1959.0,1662820207575,1
293802108,0.3542,11615.6,1662820208307,0
293802109,0.3541,28.3,1662820208855,1
293802110,0.3542,5903.4,1662820210133,0
293802111,0.3543,462.9,1662820210818,0
293802112,0.3542,107033.2,1662820214657,1
293802113,0.3542,4056.0,1662820215615,0
293802114,0.3541,2011.9,1662820216414,1
293802115,0.3542,290.7,1662820218618,0
293802116,0.3542,270.2,1662820219049,0
293802117,0.3542,360.0,1662820220008,0
293802118,0.3542,14.7,1662820220548,0
293802119,0.3541,9027.8,1662820221568,1
293802120,0.3541,28.3,1662820224282,1
293802121,0.3542,67.5,1662820226159,0
293802122,0.3542,291.9,1662820230277,0
293802123,0.3541,71002.6,1662820232021,1
293802124,0.354,28.3,1662820232146,1
293802125,0.3541,303.6,1662820232254,0
293802126,0.3541,39.3,1662820233097,0
293802127,0.3541,2995.2,1662820234465,0
293802128,0.3541,85.7,1662820236447,0
293802129,0.354,1791.5,1662820238819,1
293802130,0.3541,69.9,1662820238896,0
293802131,0.3541,144.6,1662820239158,0
293802132,0.354,28.3,1662820239996,1
293802133,0.3541,62348.2,1662820240820,0
293802134,0.3541,0.4,1662820240823,1
293802135,0.3542,91.5,1662820240862,0
293802136,0.3542,274.4,1662820241177,0
293802137,0.3542,4172.0,1662820243015,0
293802138,0.3542,262.3,1662820243363,0
293802139,0.3542,26.8,1662820243906,0
293802140,0.3541,282.3,1662820243910,1
293802141,0.3541,610.2,1662820245340,1
293802142,0.3541,164.9,1662820245520,1
293802143,0.3542,306.6,1662820247722,0
293802144,0.3541,20.0,1662820247774,1
293802145,0.3542,112.9,1662820248037,0
293802146,0.3542,77.1,1662820248974,0
293802147,0.3542,14.7,1662820249534,0
293802148,0.3541,335.3,1662820249839,1
293802149,0.3542,62.8,1662820249923,0
293802150,0.3542,430.3,1662820250854,0
293802151,0.3542,149.3,1662820251304,0
293802152,0.3541,34609.6,1662820251726,1
293802153,0.3541,49.2,1662820252430,0
293802154,0.354,15.0,1662820253354,1
293802155,0.354,28.3,1662820255378,1
293802156,0.3541,257.0,1662820255408,0
293802157,0.354,65.0,1662820259647,1
293802158,0.3541,847.2,1662820260207,0
293802159,0.3541,306.2,1662820260826,0
293802160,0.3541,265.8,1662820262224,0
293802161,0.354,160.8,1662820262744,1
293802162,0.354,28.3,1662820263186,1
293802163,0.354,19.6,1662820263957,1
293802164,0.354,22.3,1662820265991,1
293802165,0.3541,339.8,1662820266915,0
293802166,0.3541,1000.0,1662820270831,0
293802167,0.354,28.3,1662820270990,1
293802168,0.3541,285.4,1662820271836,0
293802169,0.3541,306.2,1662820273029,0
293802170,0.354,1425.0,1662820275523,1
293802171,0.354,51841.3,1662820276562,1
293802172,0.354,138.8,1662820276575,0
293802173,0.354,84.9,1662820276838,0
293802174,0.3539,140.7,1662820276930,1
293802175,0.354,138.3,1662820276995,0
293802176,0.354,284.9,1662820277901,0
293802177,0.3539,5000.0,1662820278462,1
293802178,0.354,14.7,1662820278598,0
293802179,0.3539,28.3,1662820278791,1
293802180,0.354,36.1,1662820280709,0
293802181,0.3539,78.2,1662820280877,1
293802182,0.3539,17.9,1662820281955,1
293802183,0.354,306.2,1662820282140,0
293802184,0.354,270.0,1662820282739,0
293802185,0.3539,17.5,1662820284961,1
293802186,0.3539,15798.6,1662820285532,1
293802187,0.3538,360.3,1662820285669,1
293802188,0.3538,28.3,1662820286574,1
293802189,0.3539,4211.9,1662820286605,0
293802190,0.3538,17.9,1662820286969,1
293802191,0.3539,256.5,1662820287861,0
293802192,0.3539,581.8,1662820293264,0
293802193,0.3539,8986.7,1662820293461,0
293802194,0.3539,500.0,1662820293580,0
293802195,0.3538,28.3,1662820294377,1
293802196,0.3538,4.4,1662820294774,1
293802197,0.3538,0.7,1662820296710,1
293802198,0.3538,77.8,1662820296915,1
293802199,0.3538,2.2,1662820297079,1
293802200,0.3538,21.4,1662820298137,1
293802201,0.3539,278.8,1662820298951,0
293802202,0.3538,0.3,1662820300752,1
293802203,0.3539,306.2,1662820301589,0
293802204,0.3538,28.3,1662820302119,1
293802205,0.3538,14.2,1662820302903,1
293802206,0.3539,299.7,1662820304056,0
293802207,0.3539,14586.1,1662820305184,0
293802208,0.3539,1195.8,1662820305223,1
293802209,0.354,51412.9,1662820305396,0
293802210,0.3541,6000.0,1662820305413,0
293802211,0.354,455.2,1662820305512,1
293802212,0.354,169.4,1662820308752,1
293802213,0.3541,306.2,1662820309778,0
293802214,0.3541,274.2,1662820310240,0
293802215,0.3541,110.0,1662820310539,0
293802216,0.3541,286.9,1662820314656,0
293802217,0.354,13.7,1662820316111,1
293802218,0.354,1483.6,1662820317198,1
293802219,0.354,28.3,1662820317352,1
293802220,0.3541,896.2,1662820319606,0
293802221,0.3541,256.8,1662820319764,0
293802222,0.354,290.7,1662820320102,1
293802223,0.354,294.0,1662820320539,1
293802224,0.354,683.7,1662820320985,1
293802225,0.3541,400.0,1662820321152,0
293802226,0.3541,306.2,1662820321888,0
293802227,0.3541,896.7,1662820323449,0
293802228,0.354,1349.6,1662820323604,1
293802229,0.354,28.3,1662820325066,1
293802230,0.3541,280.4,1662820325457,0
293802231,0.354,1978.0,1662820325873,1
293802232,0.354,1247.1,1662820327579,1
293802233,0.3541,290.5,1662820330002,0
293802234,0.3541,110.0,1662820330479,0
293802235,0.354,13.5,1662820332301,1
293802236,0.354,7.2,1662820332530,1
293802237,0.354,28.3,1662820333123,1
293802238,0.3541,306.2,1662820335107,0
293802239,0.3541,258.6,1662820336747,0
293802240,0.354,28.3,1662820340762,1
293802241,0.3541,305.7,1662820340862,0
293802242,0.3541,18053.9,1662820341907,0
293802243,0.3542,16688.5,1662820342247,0
293802244,0.3542,5493.1,1662820344242,1
293802245,0.3543,306.2,1662820344307,0
293802246,0.3542,2259.2,1662820345567,1
293802247,0.3542,804.7,1662820348609,1
293802248,0.3543,110.0,1662820348995,0
293802249,0.3543,417.5,1662820349471,0
293802250,0.3543,285.7,1662820352250,0
293802251,0.3542,28.3,1662820355747,1
293802252,0.3543,83.4,1662820357591,0
293802253,0.3543,3013.7,1662820358780,0
293802254,0.3543,57.4,1662820359600,0
293802255,0.3542,4275.0,1662820361014,1
293802256,0.3543,57.3,1662820361602,0
293802257,0.3543,254.4,1662820362822,0
293802258,0.3542,28.3,1662820363356,1
293802259,0.3543,57.5,1662820363620,0
293802260,0.3542,1060.0,1662820364353,1
293802261,0.3543,57.4,1662820365621,0
293802262,0.3543,110.0,1662820366040,0
293802263,0.3543,57.5,1662820367628,0
293802264,0.3543,5977.6,1662820369056,0
293802265,0.3543,101.0,1662820370650,0
293802266,0.3542,28.3,1662820370938,1
293802267,0.3543,57.7,1662820372661,0
293802268,0.3543,57.8,1662820374670,0
293802269,0.3542,69.9,1662820375239,1
293802270,0.3543,57.7,1662820376703,0
293802271,0.3542,28.3,1662820379250,1
293802272,0.3543,86.6,1662820379681,0
293802273,0.3543,57.7,1662820381685,0
293802274,0.3543,392.3,1662820382439,0
293802275,0.3543,205.9,1662820383716,0
293802276,0.3542,59699.0,1662820383947,1
293802277,0.3541,800.0,1662820384087,1
293802278,0.3541,140.7,1662820384357,1
293802279,0.3542,220.8,1662820384560,0
293802280,0.3542,80.6,1662820386655,0
293802281,0.3541,28.3,1662820386704,1
293802282,0.3542,1061.4,1662820388068,0
293802283,0.3542,80.3,1662820390078,0
293802284,0.3542,15.6,1662820391003,0
293802285,0.3542,1349.6,1662820391509,0
293802286,0.3541,28.3,1662820394140,1
293802287,0.3541,28.3,1662820401532,1
293802288,0.3542,39078.7,1662820403866,0
293802289,0.3542,483.2,1662820405609,1
293802290,0.3543,42.8,1662820406773,0
293802291,0.3542,305.8,1662820407449,1
293802292,0.3542,16877.7,1662820408073,1
293802293,0.3543,58.5,1662820408784,0
293802294,0.3543,87.6,1662820411780,0
293802295,0.3543,58.4,1662820413789,0
293802296,0.3542,190.9,1662820414796,1
293802297,0.3542,422.2,1662820415617,1
293802298,0.3543,58.7,1662820415803,0
293802299,0.3542,28.3,1662820415962,1
293802300,0.3542,3136.6,1662820417235,1
293802301,0.3543,14096.4,1662820417486,0
293802302,0.3543,58.5,1662820417804,0
293802303,0.3543,102918.3,1662820419824,0
293802304,0.3544,58.9,1662820421832,0
293802305,0.3543,7385.1,1662820423058,1
293802306,0.3544,1000.0,1662820423099,0
293802307,0.3544,141.1,1662820423738,0
293802308,0.3544,58.9,1662820423845,0
293802309,0.3544,58.8,1662820425850,0
293802310,0.3544,53530.0,1662820427856,0
293802311,0.3544,136.8,1662820427921,1
293802312,0.3545,59.0,1662820429875,0
293802313,0.3544,41892.4,1662820429994,1
293802314,0.3543,400.0,1662820430085,1
293802315,0.3543,100.0,1662820430241,1
293802316,0.3544,58.9,1662820431874,0
293802317,0.3544,59.2,1662820433881,0
293802318,0.3544,150.0,1662820434356,0
293802319,0.3544,734.5,1662820435781,0
293802320,0.3544,369.7,1662820435901,0
293802321,0.3543,28.3,1662820437254,1
293802322,0.3544,97.9,1662820437907,0
293802323,0.3544,59.1,1662820439920,0
293802324,0.3544,60.2,1662820441964,0
293802325,0.3544,41705.8,1662820442720,0
293802326,0.3544,140.6,1662820442750,1
293802327,0.3545,310.0,1662820443100,0
293802328,0.3545,59.1,1662820444600,0
293802329,0.3545,5215.6,1662820445080,0
293802330,0.3544,508.4,1662820445817,1
293802331,0.3545,59.3,1662820445975,0
293802332,0.3545,59.8,1662820448003,0
293802333,0.3545,20.0,1662820448894,0
293802334,0.3545,3149.8,1662820449360,0
293802335,0.3545,59.3,1662820450006,0
293802336,0.3544,76881.7,1662820450299,1
293802337,0.3545,169.7,1662820451053,0
293802338,0.3544,37275.9,1662820451253,1
293802339,0.3544,89.3,1662820453021,0
293802340,0.3544,59.4,1662820455029,0
293802341,0.3543,121.7,1662820455774,1
293802342,0.3543,14.2,1662820456063,1
293802343,0.3543,96.7,1662820456404,1
293802344,0.3544,59.4,1662820457034,0
293802345,0.3544,310.0,1662820457267,0
293802346,0.3543,49.3,1662820458013,1
293802347,0.3543,42.6,1662820458679,1
293802348,0.3544,59.6,1662820459038,0
293802349,0.3544,70561.4,1662820460988,0
293802350,0.3544,140.0,1662820461546,0
293802351,0.3543,31.4,1662820461546,1
293802352,0.3543,49.5,1662820462267,1
293802353,0.3543,42.3,1662820462983,1
293802354,0.3544,60.6,1662820463083,0
293802355,0.3543,252.2,1662820463531,1
293802356,0.3544,19.7,1662820463747,0
293802357,0.3543,28.3,1662820464088,1
293802358,0.3544,572.6,1662820465074,0
293802359,0.3545,846.0,1662820465074,0
293802360,0.3545,30.3,1662820466410,0
293802361,0.3544,357.5,1662820466813,1
293802362,0.3545,59.8,1662820467104,0
293802363,0.3544,385.8,1662820467528,1
293802364,0.3544,278.0,1662820468248,1
293802365,0.3544,42.3,1662820468761,1
293802366,0.3545,59.8,1662820469113,0
293802367,0.3545,92.2,1662820469230,0
293802368,0.3544,42.3,1662820469457,1
293802369,0.3544,47.2,1662820470013,1
293802370,0.3545,310.0,1662820470566,0
293802371,0.3544,301.2,1662820470619,1
293802372,0.3545,59.9,1662820471111,0
293802373,0.3544,479.6,1662820471857,1
293802374,0.3544,4.1,1662820472449,1
293802375,0.3545,59.8,1662820473125,0
293802376,0.3544,378.6,1662820474123,1
293802377,0.3544,57006.8,1662820474253,1
293802378,0.3543,276.5,1662820474842,1
293802379,0.3544,455.3,1662820474871,0
293802380,0.3543,154.2,1662820475084,1
293802381,0.3544,59.7,1662820475119,0
293802382,0.3543,234.7,1662820475562,1
293802383,0.3543,163.8,1662820475767,1
293802384,0.3543,199.0,1662820476446,1
293802385,0.3543,61.3,1662820476692,1
293802386,0.3543,159.5,1662820477023,1
293802387,0.3544,59.9,1662820477137,0
293802388,0.3543,717.0,1662820477220,1
293802389,0.3543,96.5,1662820477759,1
293802390,0.3543,126.8,1662820478441,1
293802391,0.3544,310.0,1662820478757,0
293802392,0.3543,117.9,1662820479074,1
293802393,0.3544,60.0,1662820479142,0
293802394,0.3543,106.7,1662820479755,1
293802395,0.3543,1758.8,1662820480079,1
293802396,0.3543,125.4,1662820480435,1
293802397,0.3544,60.0,1662820481136,0
293802398,0.3543,133.6,1662820481149,1
293802399,0.3543,137.9,1662820481833,1
293802400,0.3543,131.7,1662820482465,1
293802401,0.3544,60.0,1662820483151,0
293802402,0.3543,106.8,1662820483178,1
293802403,0.3543,147.0,1662820483728,1
293802404,0.3543,705.9,1662820484357,1
293802405,0.3543,28.3,1662820484913,1
293802406,0.3543,96.0,1662820485090,1
293802407,0.3544,60.1,1662820485159,0
293802408,0.3543,143.5,1662820485722,1
293802409,0.3543,408.8,1662820485840,1
293802410,0.3543,97.6,1662820486353,1
293802411,0.3543,95.3,1662820487034,1
293802412,0.3544,60.5,1662820487168,0
293802413,0.3543,143.1,1662820487668,1
293802414,0.3544,513.4,1662820487828,0
293802415,0.3543,109.0,1662820488352,1
293802416,0.3543,139.8,1662820488885,1
293802417,0.3544,60.4,1662820489191,0
293802418,0.3543,93.0,1662820489564,1
293802419,0.3543,115.0,1662820490213,1
293802420,0.3544,310.0,1662820490878,0
293802421,0.3543,93.6,1662820490897,1
293802422,0.3543,16151.7,1662820491363,1
293802423,0.3543,78.8,1662820491579,1
293802424,0.3542,29.5,1662820491579,1
293802425,0.3542,28.3,1662820495847,1
293802426,0.3543,310.0,1662820500985,0
293802427,0.3543,31.4,1662820502325,0
293802428,0.3542,50.0,1662820504038,1
293802429,0.3543,404.0,1662820504215,0
293802430,0.3542,73.1,1662820504258,1
293802431,0.3542,373.1,1662820505206,1
293802432,0.3543,22.3,1662820506909,0
293802433,0.3543,296.0,1662820507359,0
293802434,0.3543,310.0,1662820509223,0
293802435,0.3543,3843.2,1662820509528,0
293802436,0.3543,481.7,1662820511711,0
293802437,0.3543,28.2,1662820514469,0
293802438,0.3543,3214.5,1662820516865,0
293802439,0.3543,307.5,1662820518328,0
293802440,0.3543,310.0,1662820518580,0
293802441,0.3543,81432.7,1662820520407,0
293802442,0.3544,60.8,1662820522409,0
293802443,0.3544,57283.5,1662820523947,0
293802444,0.3545,201.8,1662820524365,0
293802445,0.3545,138.2,1662820524891,0
293802446,0.3544,352.6,1662820526045,1
293802447,0.3545,160.9,1662820526347,0
293802448,0.3544,300.0,1662820526901,1
293802449,0.3544,6070.8,1662820527929,1
293802450,0.3545,60.9,1662820528418,0
293802451,0.3545,310.0,1662820529787,0
293802452,0.3545,264.8,1662820530089,0
293802453,0.3544,1090.3,1662820530180,1
293802454,0.3545,61.2,1662820530434,0
293802455,0.3545,276.9,1662820532237,0
293802456,0.3545,61.2,1662820532442,0
293802457,0.3545,61.1,1662820534449,0
293802458,0.3544,121.4,1662820534810,1
293802459,0.3545,61.7,1662820536475,0
293802460,0.3545,61.3,1662820538474,0
293802461,0.3545,268.8,1662820540381,0
293802462,0.3545,252.7,1662820540763,0
293802463,0.3545,92.7,1662820541510,0
293802464,0.3545,61.8,1662820543532,0
293802465,0.3545,288.9,1662820543804,0
293802466,0.3544,139.4,1662820543914,1
293802467,0.3544,1510.4,1662820544703,1
293802468,0.3545,61.2,1662820545535,0
293802469,0.3545,51.0,1662820547547,0
293802470,0.3544,322.3,1662820548287,1
293802471,0.3545,281.1,1662820550290,0
293802472,0.3545,626.8,1662820551486,0
293802473,0.3544,28.3,1662820552526,1
293802474,0.3544,128.7,1662820554333,1
293802475,0.3545,309.2,1662820554394,0
293802476,0.3544,132.3,1662820554890,1
293802477,0.3545,40.0,1662820555283,0
293802478,0.3545,588.1,1662820555763,0
293802479,0.3544,137.5,1662820558296,1
293802480,0.3544,125.4,1662820558967,1
293802481,0.3545,229.6,1662820559305,0
293802482,0.3544,110.2,1662820559643,1
293802483,0.3544,147.4,1662820560315,1
293802484,0.3544,145.7,1662820560991,1
293802485,0.3545,300.4,1662820561029,0
293802486,0.3544,28.3,1662820561464,1
293802487,0.3544,82.3,1662820561679,1
293802488,0.3544,75.5,1662820562357,1
293802489,0.3545,273.9,1662820564314,0
293802490,0.3545,229.5,1662820566472,0
293802491,0.3545,1000.0,1662820569621,0
293802492,0.3544,140.0,1662820569755,1
293802493,0.3544,139.8,1662820569908,1
293802494,0.3544,28.3,1662820570366,1
293802495,0.3544,506.2,1662820571975,1
293802496,0.3545,299.1,1662820572260,0
293802497,0.3545,273.3,1662820574252,0
293802498,0.3545,229.5,1662820574599,0
293802499,0.3545,412.5,1662820575005,0
293802500,0.3544,22566.9,1662820577991,1
293802501,0.3544,105.4,1662820578133,1
293802502,0.3544,87.1,1662820578809,1
293802503,0.3544,1746.3,1662820578968,1
293802504,0.3544,28.3,1662820579247,1
293802505,0.3544,96.7,1662820579486,1
293802506,0.3544,87.3,1662820580184,1
293802507,0.3544,97.3,1662820580860,1
293802508,0.3544,11916.5,1662820581053,1
293802509,0.3544,97.7,1662820581537,1
293802510,0.3544,78.3,1662820582221,1
293802511,0.3544,72.9,1662820582894,1
293802512,0.3545,284.7,1662820583213,0
293802513,0.3544,69.3,1662820583600,1
293802514,0.3544,100.0,1662820583782,1
293802515,0.3545,5566.3,1662820584270,0
293802516,0.3544,68.8,1662820584283,1
293802517,0.3545,229.5,1662820584894,0
293802518,0.3544,108.4,1662820584909,1
293802519,0.3544,30147.8,1662820585170,1
293802520,0.3544,272.5,1662820585230,0
293802521,0.3544,506.2,1662820585569,0
293802522,0.3544,75639.5,1662820587418,0
293802523,0.3544,528.9,1662820587595,1
293802524,0.3544,28.3,1662820588473,1
293802525,0.3544,27.9,1662820590238,1
293802526,0.3544,95.6,1662820591443,1
293802527,0.3544,1410.0,1662820591642,1
293802528,0.3544,72.7,1662820592173,1
293802529,0.3544,4.3,1662820592435,1
293802530,0.3544,0.7,1662820592675,1
293802531,0.3545,3136.6,1662820592686,0
293802532,0.3544,106.1,1662820592856,1
293802533,0.3545,229.5,1662820593003,0
293802534,0.3545,268.4,1662820593225,0
293802535,0.3544,282.6,1662820593480,1
293802536,0.3544,326.2,1662820594014,1
293802537,0.3544,82.5,1662820594897,1
293802538,0.3544,79.1,1662820595574,1
293802539,0.3544,98.4,1662820596254,1
293802540,0.3545,79.6,1662820596446,0
293802541,0.3545,272.7,1662820596785,0
293802542,0.3544,28.3,1662820597296,1
293802543,0.3544,80.3,1662820598595,1
293802544,0.3544,0.3,1662820599098,1
293802545,0.3544,78.9,1662820599272,1
293802546,0.3544,89.2,1662820599949,1
293802547,0.3544,108.1,1662820600624,1
293802548,0.3544,74.8,1662820601300,1
293802549,0.3544,72.8,1662820601972,1
293802550,0.3545,141.2,1662820602798,0
293802551,0.3545,299.4,1662820603444,0
293802552,0.3544,108.5,1662820604136,1
293802553,0.3544,66.7,1662820604617,1
293802554,0.3545,229.5,1662820605239,0
293802555,0.3544,94.6,1662820605290,1
293802556,0.3544,28.3,1662820606144,1
293802557,0.3544,78.7,1662820606743,1
293802558,0.3545,280.1,1662820607096,0
293802559,0.3544,71.8,1662820607945,1
293802560,0.3544,76.1,1662820608619,1
293802561,0.3544,2822.4,1662820610228,1
293802562,0.3544,2.2,1662820610985,1
293802563,0.3544,1834.0,1662820611140,1
293802564,0.3545,563.8,1662820613153,0
293802565,0.3545,268.4,1662820613860,0
293802566,0.3545,175154.6,1662820614217,0
